<?xml version="1.0" encoding="UTF-8"?>
<!DOCTYPE html PUBLIC "-//W3C//DTD XHTML 1.0 Transitional//EN"
    "http://www.w3.org/TR/xhtml1/DTD/xhtml1-transitional.dtd">
<html xmlns="http://www.w3.org/1999/xhtml" xml:lang="en" lang="en">
 <head>
  <title>
</title>
<meta http-equiv="Content-Type" content="text/html;charset=utf-8" />
  <meta name='ocr-system' content='tesseract 3.04.00' />
  <meta name='ocr-capabilities' content='ocr_page ocr_carea ocr_par ocr_line ocrx_word'/>
</head>
<body>
  <div class='ocr_page' id='page_1' title='image "./quaestionesaesc00dorngoog_0015.png"; bbox 0 0 4728 5556; ppageno 0'>
   <div class='ocr_carea' id='block_1_1' title="bbox 216 609 2129 708">
    <p class='ocr_par' dir='ltr' id='par_1_1' title="bbox 216 609 2129 708">
     <span class='ocr_line' id='line_1_1' title="bbox 216 609 2129 708; baseline -0.001 -20"><span class='ocrx_word' id='word_1_1' title='bbox 216 623 327 688; x_wconf 88' lang='lat' dir='ltr'><strong>dolosa</strong></span> <span class='ocrx_word' id='word_1_2' title='bbox 342 623 479 686; x_wconf 91' lang='lat' dir='ltr'><strong>numinis</strong></span> <span class='ocrx_word' id='word_1_3' title='bbox 490 622 605 686; x_wconf 74' lang='lat' dir='ltr'><strong>fraude</strong></span> <span class='ocrx_word' id='word_1_4' title='bbox 618 622 726 686; x_wconf 87' lang='lat' dir='ltr'><strong>dicens</strong></span> <span class='ocrx_word' id='word_1_5' title='bbox 743 620 821 685; x_wconf 92' lang='lat' dir='ltr'><strong>nihil</strong></span> <span class='ocrx_word' id='word_1_6' title='bbox 837 621 924 686; x_wconf 87' lang='lat' dir='ltr'><strong>aliud</strong></span> <span class='ocrx_word' id='word_1_7' title='bbox 939 622 1096 706; x_wconf 72' lang='lat' dir='ltr'>intellegit</span> <span class='ocrx_word' id='word_1_8' title='bbox 1109 643 1206 708; x_wconf 89' lang='lat' dir='ltr'><strong>quam</strong></span> <span class='ocrx_word' id='word_1_9' title='bbox 1219 621 1314 684; x_wconf 89' lang='lat' dir='ltr'><strong>deum</strong></span> <span class='ocrx_word' id='word_1_10' title='bbox 1328 623 1484 687; x_wconf 85' lang='lat' dir='ltr'><strong>summam</strong></span> <span class='ocrx_word' id='word_1_11' title='bbox 1497 609 1659 688; x_wconf 83' lang='lat' dir='ltr'><strong>hominum</strong></span> <span class='ocrx_word' id='word_1_12' title='bbox 1672 622 1831 688; x_wconf 74' lang='lat' dir='ltr'><strong>somonam</strong></span> <span class='ocrx_word' id='word_1_13' title='bbox 1849 623 1993 687; x_wconf 86' lang='lat' dir='ltr'><strong>evertere</strong></span> <span class='ocrx_word' id='word_1_14' title='bbox 2011 645 2129 708; x_wconf 87' lang='lat' dir='ltr'><strong>eosque</strong></span> 
     </span>
    </p>
   </div>
   <div class='ocr_carea' id='block_1_2' title="bbox 214 727 2133 4955">
    <p class='ocr_par' dir='ltr' id='par_1_2' title="bbox 214 727 2132 4531">
     <span class='ocr_line' id='line_1_2' title="bbox 217 727 2131 815; baseline 0.001 -23"><span class='ocrx_word' id='word_1_15' title='bbox 217 730 443 815; x_wconf 76' lang='lat' dir='ltr'><strong>necopinantes</strong></span> <span class='ocrx_word' id='word_1_16' title='bbox 459 751 498 792; x_wconf 89' lang='lat' dir='ltr'><strong>ac</strong></span> <span class='ocrx_word' id='word_1_17' title='bbox 514 750 618 792; x_wconf 90' lang='lat' dir='ltr'><strong>rerum</strong></span> <span class='ocrx_word' id='word_1_18' title='bbox 632 751 762 792; x_wconf 90' lang='lat' dir='ltr'><strong>suarum</strong></span> <span class='ocrx_word' id='word_1_19' title='bbox 778 729 911 792; x_wconf 89' lang='lat' dir='ltr'><strong>nimium</strong></span> <span class='ocrx_word' id='word_1_20' title='bbox 928 740 1085 814; x_wconf 90' lang='lat' dir='ltr'><strong>quantum</strong></span> <span class='ocrx_word' id='word_1_21' title='bbox 1102 727 1235 793; x_wconf 91' lang='lat' dir='ltr'><strong>conlisos</strong></span> <span class='ocrx_word' id='word_1_22' title='bbox 1247 729 1279 791; x_wconf 92' lang='lat' dir='ltr'><strong>in</strong></span> <span class='ocrx_word' id='word_1_23' title='bbox 1294 728 1517 795; x_wconf 88' lang='lat' dir='ltr'><strong>acerbissimas</strong></span> <span class='ocrx_word' id='word_1_24' title='bbox 1532 731 1690 794; x_wconf 87' lang='lat' dir='ltr'><strong>coniicere</strong></span> <span class='ocrx_word' id='word_1_25' title='bbox 1704 728 1912 810; x_wconf 76' lang='lat' dir='ltr'><strong>calamitates,</strong></span> <span class='ocrx_word' id='word_1_26' title='bbox 1929 751 1948 793; x_wconf 91' lang='lat' dir='ltr'><strong>e</strong></span> <span class='ocrx_word' id='word_1_27' title='bbox 1963 727 2081 814; x_wconf 88' lang='lat' dir='ltr'><strong>quibua</strong></span> <span class='ocrx_word' id='word_1_28' title='bbox 2098 752 2131 793; x_wconf 92' lang='lat' dir='ltr'><strong>se</strong></span> 
     </span>
     <span class='ocr_line' id='line_1_3' title="bbox 217 832 2129 926; baseline 0 -28"><span class='ocrx_word' id='word_1_29' title='bbox 217 833 371 922; x_wconf 85' lang='lat' dir='ltr'><strong>expedire</strong></span> <span class='ocrx_word' id='word_1_30' title='bbox 384 847 553 919; x_wconf 76' lang='lat' dir='ltr'><strong>nequeant.</strong></span> <span class='ocrx_word' id='word_1_31' title='bbox 586 832 672 898; x_wconf 88' lang='lat' dir='ltr'><strong>Dum</strong></span> <span class='ocrx_word' id='word_1_32' title='bbox 686 857 778 899; x_wconf 90' lang='lat' dir='ltr'><strong>senes</strong></span> <span class='ocrx_word' id='word_1_33' title='bbox 788 833 970 920; x_wconf 89' lang='lat' dir='ltr'><strong>loquuntur,</strong></span> <span class='ocrx_word' id='word_1_34' title='bbox 993 835 1119 913; x_wconf 87' lang='lat' dir='ltr'><strong>Atossa,</strong></span> <span class='ocrx_word' id='word_1_35' title='bbox 1133 835 1255 899; x_wconf 80' lang='lat' dir='ltr'><strong>Xerxis</strong></span> <span class='ocrx_word' id='word_1_36' title='bbox 1268 847 1378 915; x_wconf 83' lang='lat' dir='ltr'><strong>mater,</strong></span> <span class='ocrx_word' id='word_1_37' title='bbox 1396 835 1522 900; x_wconf 90' lang='lat' dir='ltr'><strong>accedit</strong></span> <span class='ocrx_word' id='word_1_38' title='bbox 1534 859 1596 901; x_wconf 91' lang='lat' dir='ltr'><strong>non</strong></span> <span class='ocrx_word' id='word_1_39' title='bbox 1610 834 1813 926; x_wconf 84' lang='lat' dir='ltr'><strong>dissimulans</strong></span> <span class='ocrx_word' id='word_1_40' title='bbox 1825 837 1980 915; x_wconf 87' lang='lat' dir='ltr'><strong>timorem,</strong></span> <span class='ocrx_word' id='word_1_41' title='bbox 1994 858 2033 899; x_wconf 88' lang='lat' dir='ltr'><strong>ne</strong></span> <span class='ocrx_word' id='word_1_42' title='bbox 2046 835 2129 898; x_wconf 89' lang='lat' dir='ltr'><strong>lilius</strong></span> 
     </span>
     <span class='ocr_line' id='line_1_4' title="bbox 216 937 2131 1030; baseline -0.001 -25"><span class='ocrx_word' id='word_1_43' title='bbox 216 964 289 1024; x_wconf 76' lang='lat' dir='ltr'><strong>cum</strong></span> <span class='ocrx_word' id='word_1_44' title='bbox 305 942 450 1006; x_wconf 78' lang='lat' dir='ltr'><strong>exercitu</strong></span> <span class='ocrx_word' id='word_1_45' title='bbox 466 939 551 1030; x_wconf 85' lang='lat' dir='ltr'><strong>male</strong></span> <span class='ocrx_word' id='word_1_46' title='bbox 567 962 633 1004; x_wconf 90' lang='lat' dir='ltr'><strong>rem</strong></span> <span class='ocrx_word' id='word_1_47' title='bbox 651 941 795 1022; x_wconf 81' lang='lat' dir='ltr'><strong>gesserit.</strong></span> <span class='ocrx_word' id='word_1_48' title='bbox 837 940 899 1004; x_wconf 88' lang='lat' dir='ltr'><strong>Pro</strong></span> <span class='ocrx_word' id='word_1_49' title='bbox 916 937 1079 1024; x_wconf 87' lang='grc' dir='ltr'>ἀδείματος</span> <span class='ocrx_word' id='word_1_50' title='bbox 1098 943 1129 1004; x_wconf 90' lang='lat' dir='ltr'><strong>in</strong></span> <span class='ocrx_word' id='word_1_51' title='bbox 1145 939 1255 1005; x_wconf 87' lang='lat' dir='ltr'><strong>codice</strong></span> <span class='ocrx_word' id='word_1_52' title='bbox 1274 940 1327 1020; x_wconf 77' lang='lat' dir='ltr'><strong>M,</strong></span> <span class='ocrx_word' id='word_1_53' title='bbox 1353 941 1439 1026; x_wconf 88' lang='lat' dir='ltr'><strong>quod</strong></span> <span class='ocrx_word' id='word_1_54' title='bbox 1456 965 1518 1007; x_wconf 94' lang='lat' dir='ltr'><strong>non</strong></span> <span class='ocrx_word' id='word_1_55' title='bbox 1535 955 1652 1022; x_wconf 80' lang='lat' dir='ltr'><strong>exstat,</strong></span> <span class='ocrx_word' id='word_1_56' title='bbox 1669 964 1780 1008; x_wconf 90' lang='lat' dir='ltr'><strong>omnes</strong></span> <span class='ocrx_word' id='word_1_57' title='bbox 1795 941 1933 1008; x_wconf 87' lang='lat' dir='ltr'><strong>editores</strong></span> <span class='ocrx_word' id='word_1_58' title='bbox 1949 939 2131 1026; x_wconf 74' lang='grc' dir='ltr'>ἀδείμαντος</span> 
     </span>
     <span class='ocr_line' id='line_1_5' title="bbox 217 1045 2128 1133; baseline -0.001 -21"><span class='ocrx_word' id='word_1_59' title='bbox 217 1059 415 1132; x_wconf 77' lang='grc' dir='ltr'>γοοοροτυιιι.</span> <span class='ocrx_word' id='word_1_60' title='bbox 462 1045 502 1108; x_wconf 92' lang='lat' dir='ltr'><strong>ld</strong></span> <span class='ocrx_word' id='word_1_61' title='bbox 524 1045 638 1110; x_wconf 87' lang='lat' dir='ltr'><strong>falsum</strong></span> <span class='ocrx_word' id='word_1_62' title='bbox 664 1067 732 1110; x_wconf 90' lang='lat' dir='ltr'><strong>esse</strong></span> <span class='ocrx_word' id='word_1_63' title='bbox 756 1055 853 1131; x_wconf 90' lang='lat' dir='ltr'><strong>patet.</strong></span> <span class='ocrx_word' id='word_1_64' title='bbox 900 1047 994 1124; x_wconf 89' lang='lat' dir='ltr'><strong>Nam,</strong></span> <span class='ocrx_word' id='word_1_65' title='bbox 1023 1048 1083 1111; x_wconf 90' lang='lat' dir='ltr'><strong>nisi</strong></span> <span class='ocrx_word' id='word_1_66' title='bbox 1114 1048 1180 1111; x_wconf 88' lang='lat' dir='ltr'><strong>vim</strong></span> <span class='ocrx_word' id='word_1_67' title='bbox 1204 1047 1311 1112; x_wconf 88' lang='lat' dir='ltr'><strong>verbis</strong></span> <span class='ocrx_word' id='word_1_68' title='bbox 1335 1047 1460 1128; x_wconf 82' lang='lat' dir='ltr'><strong>afferas,</strong></span> <span class='ocrx_word' id='word_1_69' title='bbox 1492 1059 1560 1112; x_wconf 89' lang='lat' dir='ltr'><strong>tum</strong></span> <span class='ocrx_word' id='word_1_70' title='bbox 1583 1050 1743 1114; x_wconf 90' lang='lat' dir='ltr'><strong>sententia</strong></span> <span class='ocrx_word' id='word_1_71' title='bbox 1765 1059 1823 1127; x_wconf 89' lang='lat' dir='ltr'><strong>est,</strong></span> <span class='ocrx_word' id='word_1_72' title='bbox 1857 1048 2061 1133; x_wconf 89' lang='lat' dir='ltr'><strong>„nentiquam</strong></span> <span class='ocrx_word' id='word_1_73' title='bbox 2087 1046 2128 1111; x_wconf 93' lang='lat' dir='ltr'><strong>de</strong></span> 
     </span>
     <span class='ocr_line' id='line_1_6' title="bbox 216 1150 2128 1238; baseline -0.001 -22"><span class='ocrx_word' id='word_1_74' title='bbox 216 1176 266 1216; x_wconf 92' lang='lat' dir='ltr'><strong>me</strong></span> <span class='ocrx_word' id='word_1_75' title='bbox 289 1155 359 1238; x_wconf 90' lang='lat' dir='ltr'><strong>ipsa</strong></span> <span class='ocrx_word' id='word_1_76' title='bbox 382 1159 527 1231; x_wconf 87' lang='lat' dir='ltr'><strong>secura“,</strong></span> <span class='ocrx_word' id='word_1_77' title='bbox 558 1174 632 1215; x_wconf 92' lang='lat' dir='ltr'><strong>cum</strong></span> <span class='ocrx_word' id='word_1_78' title='bbox 658 1151 772 1216; x_wconf 78' lang='lat' dir='ltr'><strong>Atussa</strong></span> <span class='ocrx_word' id='word_1_79' title='bbox 802 1150 912 1237; x_wconf 88' lang='lat' dir='ltr'><strong>procul</strong></span> <span class='ocrx_word' id='word_1_80' title='bbox 945 1151 1043 1218; x_wconf 92' lang='lat' dir='ltr'><strong>dubio</strong></span> <span class='ocrx_word' id='word_1_81' title='bbox 1077 1152 1183 1217; x_wconf 90' lang='lat' dir='ltr'><strong>dicere</strong></span> <span class='ocrx_word' id='word_1_82' title='bbox 1218 1153 1294 1217; x_wconf 86' lang='lat' dir='ltr'><strong>velit</strong></span> <span class='ocrx_word' id='word_1_83' title='bbox 1317 1177 1380 1218; x_wconf 91' lang='lat' dir='ltr'><strong>non</strong></span> <span class='ocrx_word' id='word_1_84' title='bbox 1403 1177 1437 1218; x_wconf 89' lang='lat' dir='ltr'><strong>se</strong></span> <span class='ocrx_word' id='word_1_85' title='bbox 1461 1165 1549 1220; x_wconf 89' lang='lat' dir='ltr'><strong>metu</strong></span> <span class='ocrx_word' id='word_1_86' title='bbox 1572 1153 1707 1220; x_wconf 86' lang='lat' dir='ltr'><strong>liberam</strong></span> <span class='ocrx_word' id='word_1_87' title='bbox 1732 1176 1801 1220; x_wconf 90' lang='lat' dir='ltr'><strong>esse</strong></span> <span class='ocrx_word' id='word_1_88' title='bbox 1825 1150 2048 1238; x_wconf 81' lang='grc' dir='ltr'>(ἀδείμαντος),</span> <span class='ocrx_word' id='word_1_89' title='bbox 2072 1152 2128 1218; x_wconf 91' lang='lat' dir='ltr'><strong>sed</strong></span> 
     </span>
     <span class='ocr_line' id='line_1_7' title="bbox 215 1257 2131 1350; baseline 0.001 -29"><span class='ocrx_word' id='word_1_90' title='bbox 215 1260 328 1323; x_wconf 87' lang='lat' dir='ltr'><strong>timore</strong></span> <span class='ocrx_word' id='word_1_91' title='bbox 364 1258 521 1350; x_wconf 80' lang='lat' dir='ltr'><strong>affectam,</strong></span> <span class='ocrx_word' id='word_1_92' title='bbox 554 1269 589 1322; x_wconf 89' lang='lat' dir='ltr'><strong>ut</strong></span> <span class='ocrx_word' id='word_1_93' title='bbox 624 1257 685 1322; x_wconf 90' lang='lat' dir='ltr'><strong>hoo</strong></span> <span class='ocrx_word' id='word_1_94' title='bbox 721 1257 912 1346; x_wconf 88' lang='lat' dir='ltr'><strong>vocabulum</strong></span> <span class='ocrx_word' id='word_1_95' title='bbox 948 1259 1055 1323; x_wconf 90' lang='lat' dir='ltr'><strong>verbis</strong></span> <span class='ocrx_word' id='word_1_96' title='bbox 1090 1259 1355 1326; x_wconf 84' lang='lat' dir='ltr'><strong>antecedentibus</strong></span> <span class='ocrx_word' id='word_1_97' title='bbox 1390 1265 1444 1322; x_wconf 89' lang='grc' dir='ltr'><strong>καί</strong></span> <span class='ocrx_word' id='word_1_98' title='bbox 1480 1284 1518 1346; x_wconf 88' lang='grc' dir='ltr'><strong>με</strong></span> <span class='ocrx_word' id='word_1_99' title='bbox 1552 1261 1682 1344; x_wconf 75' lang='grc' dir='ltr'>καρδίαν</span> <span class='ocrx_word' id='word_1_100' title='bbox 1716 1258 1842 1344; x_wconf 88' lang='grc' dir='ltr'>ἀμόσσει</span> <span class='ocrx_word' id='word_1_101' title='bbox 1873 1263 1994 1346; x_wconf 85' lang='grc' dir='ltr'>φροντίς</span> <span class='ocrx_word' id='word_1_102' title='bbox 2022 1269 2131 1345; x_wconf 88' lang='lat' dir='ltr'><strong>aperte</strong></span> 
     </span>
     <span class='ocr_line' id='line_1_8' title="bbox 215 1348 2132 1454; baseline -0.001 -26"><span class='ocrx_word' id='word_1_103' title='bbox 215 1348 387 1449; x_wconf 76' lang='lat' dir='ltr'><strong>repugnet.</strong></span> <span class='ocrx_word' id='word_1_104' title='bbox 431 1363 471 1424; x_wconf 88' lang='lat' dir='ltr'>W</span> <span class='ocrx_word' id='word_1_105' title='bbox 475 1363 538 1428; x_wconf 92' lang='lat' dir='ltr'><strong>eilii</strong></span> <span class='ocrx_word' id='word_1_106' title='bbox 567 1365 760 1444; x_wconf 90' lang='lat' dir='ltr'><strong>coniectura,</strong></span> <span class='ocrx_word' id='word_1_107' title='bbox 790 1365 845 1449; x_wconf 91' lang='lat' dir='ltr'><strong>qni</strong></span> <span class='ocrx_word' id='word_1_108' title='bbox 877 1363 989 1428; x_wconf 85' lang='lat' dir='ltr'><strong>scribit</strong></span> <span class='ocrx_word' id='word_1_109' title='bbox 1020 1368 1120 1449; x_wconf 76' lang='grc' dir='ltr'>μῦθον</span> <span class='ocrx_word' id='word_1_110' title='bbox 1151 1363 1292 1451; x_wconf 77' lang='grc' dir='ltr'>οὐδαμῶς</span> <span class='ocrx_word' id='word_1_111' title='bbox 1315 1364 1450 1454; x_wconf 84' lang='grc' dir='ltr'>ἐμαυτῆς</span> <span class='ocrx_word' id='word_1_112' title='bbox 1473 1363 1537 1430; x_wconf 78' lang='grc' dir='ltr'>οὐδ’</span> <span class='ocrx_word' id='word_1_113' title='bbox 1564 1364 1754 1452; x_wconf 78' lang='grc' dir='ltr'>ἀδείμαντον,</span> <span class='ocrx_word' id='word_1_114' title='bbox 1779 1377 1815 1432; x_wconf 88' lang='lat' dir='ltr'><strong>nt</strong></span> <span class='ocrx_word' id='word_1_115' title='bbox 1838 1367 1882 1452; x_wconf 84' lang='grc' dir='ltr'><strong>μὴ</strong></span> <span class='ocrx_word' id='word_1_116' title='bbox 1906 1363 2040 1450; x_wconf 73' lang='grc' dir='ltr'>ἀντρέψῃ</span> <span class='ocrx_word' id='word_1_117' title='bbox 2063 1365 2132 1428; x_wconf 88' lang='grc' dir='ltr'>τοδί</span> 
     </span>
     <span class='ocr_line' id='line_1_9' title="bbox 215 1467 2128 1559; baseline -0.001 -25"><span class='ocrx_word' id='word_1_118' title='bbox 215 1469 354 1556; x_wconf 88' lang='lat' dir='ltr'><strong>pendeat</strong></span> <span class='ocrx_word' id='word_1_119' title='bbox 378 1469 419 1534; x_wconf 91' lang='lat' dir='ltr'><strong>ab</strong></span> <span class='ocrx_word' id='word_1_120' title='bbox 443 1467 570 1555; x_wconf 85' lang='grc' dir='ltr'>ἀμόσσει</span> <span class='ocrx_word' id='word_1_121' title='bbox 594 1473 717 1556; x_wconf 77' lang='grc' dir='ltr'>φροντίς</span> <span class='ocrx_word' id='word_1_122' title='bbox 740 1473 848 1556; x_wconf 91' lang='lat' dir='ltr'><strong>inepta</strong></span> <span class='ocrx_word' id='word_1_123' title='bbox 873 1493 941 1534; x_wconf 87' lang='lat' dir='ltr'><strong>esse</strong></span> <span class='ocrx_word' id='word_1_124' title='bbox 966 1469 1093 1536; x_wconf 90' lang='lat' dir='ltr'><strong>videtur</strong></span> <span class='ocrx_word' id='word_1_125' title='bbox 1109 1473 1302 1558; x_wconf 87' lang='lat' dir='ltr'><strong>interpositis</strong></span> <span class='ocrx_word' id='word_1_126' title='bbox 1320 1473 1426 1537; x_wconf 88' lang='lat' dir='ltr'><strong>verbis</strong></span> <span class='ocrx_word' id='word_1_127' title='bbox 1450 1471 1483 1545; x_wconf 79' lang='grc' dir='ltr'><strong>ἐς</strong></span> <span class='ocrx_word' id='word_1_128' title='bbox 1507 1472 1534 1535; x_wconf 88' lang='grc' dir='ltr'><strong>δ’</strong></span> <span class='ocrx_word' id='word_1_129' title='bbox 1550 1469 1631 1559; x_wconf 73' lang='grc' dir='ltr'>ὑμᾶς</span> <span class='ocrx_word' id='word_1_130' title='bbox 1647 1472 1706 1556; x_wconf 78' lang='grc' dir='ltr'><strong>ἐρῶ</strong></span> <span class='ocrx_word' id='word_1_131' title='bbox 1723 1475 1833 1558; x_wconf 80' lang='grc' dir='ltr'>μίδον,</span> <span class='ocrx_word' id='word_1_132' title='bbox 1857 1493 1963 1558; x_wconf 90' lang='lat' dir='ltr'><strong>neque</strong></span> <span class='ocrx_word' id='word_1_133' title='bbox 1987 1471 2128 1536; x_wconf 89' lang='lat' dir='ltr'><strong>dubitari</strong></span> 
     </span>
     <span class='ocr_line' id='line_1_10' title="bbox 215 1576 2125 1664; baseline 0 -24"><span class='ocrx_word' id='word_1_134' title='bbox 215 1585 327 1660; x_wconf 88' lang='lat' dir='ltr'><strong>potest,</strong></span> <span class='ocrx_word' id='word_1_135' title='bbox 351 1577 428 1661; x_wconf 90' lang='lat' dir='ltr'><strong>quin</strong></span> <span class='ocrx_word' id='word_1_136' title='bbox 453 1581 495 1661; x_wconf 86' lang='grc' dir='ltr'><strong>μῆ</strong></span> <span class='ocrx_word' id='word_1_137' title='bbox 519 1577 624 1662; x_wconf 90' lang='lat' dir='ltr'><strong>potius</strong></span> <span class='ocrx_word' id='word_1_138' title='bbox 645 1576 906 1660; x_wconf 88' lang='lat' dir='ltr'><strong>coniungendam</strong></span> <span class='ocrx_word' id='word_1_139' title='bbox 931 1577 971 1642; x_wconf 90' lang='lat' dir='ltr'><strong>sit</strong></span> <span class='ocrx_word' id='word_1_140' title='bbox 995 1600 1068 1642; x_wconf 90' lang='lat' dir='ltr'><strong>cum</strong></span> <span class='ocrx_word' id='word_1_141' title='bbox 1092 1576 1282 1664; x_wconf 82' lang='grc' dir='ltr'>ἀδείμαντος.</span> <span class='ocrx_word' id='word_1_142' title='bbox 1317 1577 1586 1648; x_wconf 75' lang='grc' dir='ltr'>,Μουυοιιίοιιίίο</span> <span class='ocrx_word' id='word_1_143' title='bbox 1609 1603 1659 1643; x_wconf 90' lang='lat' dir='ltr'><strong>res</strong></span> <span class='ocrx_word' id='word_1_144' title='bbox 1676 1581 1721 1642; x_wconf 87' lang='lat' dir='ltr'><strong>ita</strong></span> <span class='ocrx_word' id='word_1_145' title='bbox 1737 1576 1923 1643; x_wconf 88' lang='lat' dir='ltr'><strong>absolvitur.</strong></span> <span class='ocrx_word' id='word_1_146' title='bbox 1970 1576 2125 1643; x_wconf 86' lang='lat' dir='ltr'><strong>Mendum</strong></span> 
     </span>
     <span class='ocr_line' id='line_1_11' title="bbox 215 1681 2126 1776; baseline -0.001 -30"><span class='ocrx_word' id='word_1_147' title='bbox 215 1693 319 1760; x_wconf 86' lang='lat' dir='ltr'><strong>ortum</strong></span> <span class='ocrx_word' id='word_1_148' title='bbox 343 1705 415 1748; x_wconf 89' lang='lat' dir='ltr'><strong>esse</strong></span> <span class='ocrx_word' id='word_1_149' title='bbox 434 1681 515 1776; x_wconf 84' lang='lat' dir='ltr'><strong>mihi</strong></span> <span class='ocrx_word' id='word_1_150' title='bbox 537 1685 680 1774; x_wconf 82' lang='lat' dir='ltr'><strong>persuasi</strong></span> <span class='ocrx_word' id='word_1_151' title='bbox 703 1705 721 1748; x_wconf 90' lang='lat' dir='ltr'><strong>e</strong></span> <span class='ocrx_word' id='word_1_152' title='bbox 744 1685 905 1762; x_wconf 87' lang='lat' dir='ltr'><strong>continua,</strong></span> <span class='ocrx_word' id='word_1_153' title='bbox 932 1696 965 1747; x_wconf 91' lang='lat' dir='ltr'><strong>ut</strong></span> <span class='ocrx_word' id='word_1_154' title='bbox 980 1683 1172 1770; x_wconf 86' lang='lat' dir='ltr'><strong>supradixi,</strong></span> <span class='ocrx_word' id='word_1_155' title='bbox 1197 1685 1315 1750; x_wconf 85' lang='lat' dir='ltr'><strong>codicis</strong></span> <span class='ocrx_word' id='word_1_156' title='bbox 1332 1687 1727 1771; x_wconf 68' lang='lat' dir='ltr'><strong>vetustissimiscriptura,</strong></span> <span class='ocrx_word' id='word_1_157' title='bbox 1743 1696 1779 1749; x_wconf 91' lang='lat' dir='ltr'><strong>nt</strong></span> <span class='ocrx_word' id='word_1_158' title='bbox 1801 1683 1907 1750; x_wconf 90' lang='lat' dir='ltr'><strong>littera</strong></span> <span class='ocrx_word' id='word_1_159' title='bbox 1932 1707 1952 1746; x_wconf 91' lang='grc' dir='ltr'>οι</span> <span class='ocrx_word' id='word_1_160' title='bbox 1977 1682 2126 1748; x_wconf 86' lang='lat' dir='ltr'><strong>vocabuli</strong></span> 
     </span>
     <span class='ocr_line' id='line_1_12' title="bbox 215 1783 2126 1877; baseline 0.001 -27"><span class='ocrx_word' id='word_1_161' title='bbox 215 1785 379 1875; x_wconf 83' lang='grc' dir='ltr'>ἀδείματος</span> <span class='ocrx_word' id='word_1_162' title='bbox 396 1786 601 1853; x_wconf 88' lang='lat' dir='ltr'><strong>attribuenda</strong></span> <span class='ocrx_word' id='word_1_163' title='bbox 615 1783 659 1853; x_wconf 85' lang='lat' dir='ltr'><strong>sit¹</strong></span> <span class='ocrx_word' id='word_1_164' title='bbox 671 1788 875 1876; x_wconf 87' lang='lat' dir='ltr'><strong>praecedenti</strong></span> <span class='ocrx_word' id='word_1_165' title='bbox 892 1786 955 1854; x_wconf 81' lang='lat' dir='ltr'><strong>obo’</strong></span> <span class='ocrx_word' id='word_1_166' title='bbox 973 1789 1032 1877; x_wconf 88' lang='grc' dir='ltr'>(α).</span> <span class='ocrx_word' id='word_1_167' title='bbox 1071 1790 1152 1856; x_wconf 82' lang='lat' dir='ltr'><strong>Cum</strong></span> <span class='ocrx_word' id='word_1_168' title='bbox 1168 1791 1270 1872; x_wconf 91' lang='lat' dir='ltr'><strong>multi,</strong></span> <span class='ocrx_word' id='word_1_169' title='bbox 1295 1793 1350 1876; x_wconf 92' lang='lat' dir='ltr'><strong>qui</strong></span> <span class='ocrx_word' id='word_1_170' title='bbox 1368 1791 1565 1877; x_wconf 84' lang='lat' dir='ltr'><strong>Aeschylum</strong></span> <span class='ocrx_word' id='word_1_171' title='bbox 1582 1804 1821 1872; x_wconf 87' lang='lat' dir='ltr'><strong>recensuerunt,</strong></span> <span class='ocrx_word' id='word_1_172' title='bbox 1835 1789 1970 1877; x_wconf 78' lang='grc' dir='ltr'>ἐμαυτῆς</span> <span class='ocrx_word' id='word_1_173' title='bbox 1986 1789 2126 1876; x_wconf 90' lang='lat' dir='ltr'><strong>pendere</strong></span> 
     </span>
     <span class='ocr_line' id='line_1_13' title="bbox 215 1892 2129 1989; baseline 0.001 -33"><span class='ocrx_word' id='word_1_174' title='bbox 215 1895 384 1980; x_wconf 86' lang='lat' dir='ltr'><strong>opinentur</strong></span> <span class='ocrx_word' id='word_1_175' title='bbox 407 1893 448 1958; x_wconf 86' lang='lat' dir='ltr'><strong>ab</strong></span> <span class='ocrx_word' id='word_1_176' title='bbox 473 1892 663 1978; x_wconf 83' lang='grc' dir='ltr'>ἀδείμαντος,</span> <span class='ocrx_word' id='word_1_177' title='bbox 686 1895 721 1958; x_wconf 91' lang='lat' dir='ltr'><strong>id</strong></span> <span class='ocrx_word' id='word_1_178' title='bbox 745 1895 831 1980; x_wconf 91' lang='lat' dir='ltr'><strong>quod</strong></span> <span class='ocrx_word' id='word_1_179' title='bbox 860 1894 928 1960; x_wconf 91' lang='lat' dir='ltr'><strong>fieri</strong></span> <span class='ocrx_word' id='word_1_180' title='bbox 953 1907 1067 1989; x_wconf 62' lang='lat' dir='ltr'><strong>potest,</strong></span> <span class='ocrx_word' id='word_1_181' title='bbox 1100 1897 1198 1962; x_wconf 89' lang='lat' dir='ltr'><strong>multo</strong></span> <span class='ocrx_word' id='word_1_182' title='bbox 1222 1911 1364 1984; x_wconf 87' lang='lat' dir='ltr'><strong>praestat</strong></span> <span class='ocrx_word' id='word_1_183' title='bbox 1387 1901 1655 1963; x_wconf 87' lang='lat' dir='ltr'><strong>constructionem</strong></span> <span class='ocrx_word' id='word_1_184' title='bbox 1677 1898 1791 1963; x_wconf 88' lang='lat' dir='ltr'><strong>horum</strong></span> <span class='ocrx_word' id='word_1_185' title='bbox 1817 1896 1987 1963; x_wconf 90' lang='lat' dir='ltr'><strong>verborum</strong></span> <span class='ocrx_word' id='word_1_186' title='bbox 2011 1897 2057 1960; x_wconf 87' lang='lat' dir='ltr'><strong>sic</strong></span> <span class='ocrx_word' id='word_1_187' title='bbox 2081 1897 2129 1958; x_wconf 92' lang='lat' dir='ltr'><strong>in-</strong></span> 
     </span>
     <span class='ocr_line' id='line_1_14' title="bbox 215 1997 2128 2088; baseline -0.002 -24"><span class='ocrx_word' id='word_1_188' title='bbox 215 2001 356 2079; x_wconf 83' lang='lat' dir='ltr'><strong>stituere,</strong></span> <span class='ocrx_word' id='word_1_189' title='bbox 381 2010 416 2063; x_wconf 93' lang='lat' dir='ltr'><strong>ut</strong></span> <span class='ocrx_word' id='word_1_190' title='bbox 439 1997 573 2088; x_wconf 82' lang='grc' dir='ltr'>ἐμαυτῆς</span> <span class='ocrx_word' id='word_1_191' title='bbox 596 2001 736 2087; x_wconf 88' lang='lat' dir='ltr'><strong>pendeat</strong></span> <span class='ocrx_word' id='word_1_192' title='bbox 760 2023 779 2065; x_wconf 88' lang='lat' dir='ltr'><strong>a</strong></span> <span class='ocrx_word' id='word_1_193' title='bbox 802 2003 969 2088; x_wconf 89' lang='lat' dir='ltr'><strong>participio</strong></span> <span class='ocrx_word' id='word_1_194' title='bbox 994 1999 1069 2066; x_wconf 85' lang='lat' dir='ltr'><strong>obc’.</strong></span> <span class='ocrx_word' id='word_1_195' title='bbox 1115 2002 1249 2068; x_wconf 84' lang='lat' dir='ltr'><strong>Constat</strong></span> <span class='ocrx_word' id='word_1_196' title='bbox 1271 2000 1329 2088; x_wconf 77' lang='grc' dir='ltr'><strong>οὐχ</strong></span> <span class='ocrx_word' id='word_1_197' title='bbox 1346 2002 1456 2067; x_wconf 84' lang='grc' dir='ltr'>ἑαυτοῦ</span> <span class='ocrx_word' id='word_1_198' title='bbox 1480 2003 1555 2067; x_wconf 83' lang='grc' dir='ltr'>εἰναι</span> <span class='ocrx_word' id='word_1_199' title='bbox 1571 2005 1624 2068; x_wconf 89' lang='lat' dir='ltr'><strong>vel</strong></span> <span class='ocrx_word' id='word_1_200' title='bbox 1647 2007 1804 2085; x_wconf 74' lang='grc' dir='ltr'>γίγνεσθαι</span> <span class='ocrx_word' id='word_1_201' title='bbox 1820 2003 1914 2068; x_wconf 86' lang='lat' dir='ltr'><strong>idem</strong></span> <span class='ocrx_word' id='word_1_202' title='bbox 1938 2001 2128 2085; x_wconf 82' lang='lat' dir='ltr'><strong>significare,</strong></span> 
     </span>
     <span class='ocr_line' id='line_1_15' title="bbox 215 2103 2126 2196; baseline 0.001 -26"><span class='ocrx_word' id='word_1_203' title='bbox 215 2103 382 2192; x_wconf 81' lang='lat' dir='ltr'><strong>qnod-oba</strong></span> <span class='ocrx_word' id='word_1_204' title='bbox 395 2103 431 2182; x_wconf 67' lang='lat' dir='ltr'><strong>ir</strong></span> <span class='ocrx_word' id='word_1_205' title='bbox 448 2105 544 2190; x_wconf 81' lang='grc' dir='ltr'>ἑαυτῷ</span> <span class='ocrx_word' id='word_1_206' title='bbox 561 2105 648 2186; x_wconf 85' lang='grc' dir='ltr'>εἶναι,</span> <span class='ocrx_word' id='word_1_207' title='bbox 665 2108 684 2170; x_wconf 95' lang='lat' dir='ltr'><strong>i.</strong></span> <span class='ocrx_word' id='word_1_208' title='bbox 703 2128 734 2178; x_wconf 80' lang='lat' dir='ltr'><strong>e.</strong></span> <span class='ocrx_word' id='word_1_209' title='bbox 756 2108 805 2172; x_wconf 91' lang='lat' dir='ltr'><strong>sni</strong></span> <span class='ocrx_word' id='word_1_210' title='bbox 827 2107 880 2171; x_wconf 83' lang='lat' dir='ltr'><strong>vel</strong></span> <span class='ocrx_word' id='word_1_211' title='bbox 903 2110 1017 2172; x_wconf 87' lang='lat' dir='ltr'><strong>mentis</strong></span> <span class='ocrx_word' id='word_1_212' title='bbox 1041 2121 1219 2194; x_wconf 87' lang='lat' dir='ltr'><strong>compotem</strong></span> <span class='ocrx_word' id='word_1_213' title='bbox 1242 2131 1303 2172; x_wconf 91' lang='lat' dir='ltr'><strong>non</strong></span> <span class='ocrx_word' id='word_1_214' title='bbox 1329 2132 1408 2183; x_wconf 87' lang='lat' dir='ltr'><strong>esse,</strong></span> <span class='ocrx_word' id='word_1_215' title='bbox 1434 2111 1475 2174; x_wconf 92' lang='lat' dir='ltr'><strong>ad</strong></span> <span class='ocrx_word' id='word_1_216' title='bbox 1500 2110 1586 2195; x_wconf 92' lang='lat' dir='ltr'><strong>quod</strong></span> <span class='ocrx_word' id='word_1_217' title='bbox 1603 2111 1752 2196; x_wconf 85' lang='lat' dir='ltr'><strong>exempla</strong></span> <span class='ocrx_word' id='word_1_218' title='bbox 1768 2111 1911 2177; x_wconf 88' lang='lat' dir='ltr'><strong>afferam.</strong></span> <span class='ocrx_word' id='word_1_219' title='bbox 1941 2109 2126 2195; x_wconf 89' lang='lat' dir='ltr'><strong>Hippocrat.</strong></span> 
     </span>
     <span class='ocr_line' id='line_1_16' title="bbox 215 2211 2127 2301; baseline -0.001 -25"><span class='ocrx_word' id='word_1_220' title='bbox 215 2213 363 2299; x_wconf 84' lang='lat' dir='ltr'><strong>Epidem.</strong></span> <span class='ocrx_word' id='word_1_221' title='bbox 398 2212 470 2292; x_wconf 88' lang='lat' dir='ltr'><strong>Vll,</strong></span> <span class='ocrx_word' id='word_1_222' title='bbox 500 2235 531 2298; x_wconf 93' lang='lat' dir='ltr'><strong>p.</strong></span> <span class='ocrx_word' id='word_1_223' title='bbox 565 2219 648 2276; x_wconf 89' lang='grc'><strong>1222</strong></span> <span class='ocrx_word' id='word_1_224' title='bbox 681 2213 724 2276; x_wconf 76' lang='lat' dir='ltr'><strong>E:</strong></span> <span class='ocrx_word' id='word_1_225' title='bbox 756 2211 821 2276; x_wconf 83' lang='grc' dir='ltr'>ἐπεὶ</span> <span class='ocrx_word' id='word_1_226' title='bbox 845 2214 877 2276; x_wconf 86' lang='grc' dir='ltr'><strong>δὲ</strong></span> <span class='ocrx_word' id='word_1_227' title='bbox 901 2212 1057 2300; x_wconf 78' lang='grc' dir='ltr'>ὲκομίσδῆ</span> <span class='ocrx_word' id='word_1_228' title='bbox 1082 2213 1115 2284; x_wconf 81' lang='grc' dir='ltr'><strong>ἐς</strong></span> <span class='ocrx_word' id='word_1_229' title='bbox 1138 2213 1233 2289; x_wconf 83' lang='grc' dir='ltr'>οἷκον,</span> <span class='ocrx_word' id='word_1_230' title='bbox 1259 2221 1345 2301; x_wconf 90' lang='grc' dir='ltr'>μόγις</span> <span class='ocrx_word' id='word_1_231' title='bbox 1370 2214 1525 2299; x_wconf 82' lang='grc' dir='ltr'>ἀνέβλεψε·</span> <span class='ocrx_word' id='word_1_232' title='bbox 1559 2221 1613 2280; x_wconf 90' lang='grc' dir='ltr'><strong>καί</strong></span> <span class='ocrx_word' id='word_1_233' title='bbox 1637 2213 1727 2289; x_wconf 78' lang='grc' dir='ltr'>αὐτὸς</span> <span class='ocrx_word' id='word_1_234' title='bbox 1752 2221 1840 2301; x_wconf 80' lang='grc' dir='ltr'>μόγις</span> <span class='ocrx_word' id='word_1_235' title='bbox 1863 2214 1975 2279; x_wconf 84' lang='grc' dir='ltr'>ἑωυτοῦ</span> <span class='ocrx_word' id='word_1_236' title='bbox 1999 2212 2127 2292; x_wconf 77' lang='grc' dir='ltr'>ἐγένετο,</span> 
     </span>
     <span class='ocr_line' id='line_1_17' title="bbox 216 2317 2128 2408; baseline -0.001 -25"><span class='ocrx_word' id='word_1_237' title='bbox 216 2328 385 2404; x_wconf 85' lang='lat' dir='ltr'><strong>postquam</strong></span> <span class='ocrx_word' id='word_1_238' title='bbox 408 2317 538 2384; x_wconf 89' lang='lat' dir='ltr'><strong>domum</strong></span> <span class='ocrx_word' id='word_1_239' title='bbox 562 2318 681 2390; x_wconf 85' lang='lat' dir='ltr'><strong>relatus</strong></span> <span class='ocrx_word' id='word_1_240' title='bbox 704 2329 762 2398; x_wconf 85' lang='lat' dir='ltr'><strong>est,</strong></span> <span class='ocrx_word' id='word_1_241' title='bbox 787 2340 884 2402; x_wconf 89' lang='lat' dir='ltr'><strong>aegre</strong></span> <span class='ocrx_word' id='word_1_242' title='bbox 908 2321 1012 2383; x_wconf 89' lang='lat' dir='ltr'><strong>visum</strong></span> <span class='ocrx_word' id='word_1_243' title='bbox 1035 2322 1156 2406; x_wconf 85' lang='lat' dir='ltr'><strong>recepit</strong></span> <span class='ocrx_word' id='word_1_244' title='bbox 1178 2322 1299 2406; x_wconf 82' lang='lat' dir='ltr'><strong>vixque</strong></span> <span class='ocrx_word' id='word_1_245' title='bbox 1324 2322 1364 2386; x_wconf 88' lang='lat' dir='ltr'><strong>ad</strong></span> <span class='ocrx_word' id='word_1_246' title='bbox 1390 2346 1459 2387; x_wconf 89' lang='lat' dir='ltr'><strong>sese</strong></span> <span class='ocrx_word' id='word_1_247' title='bbox 1484 2322 1594 2403; x_wconf 64' lang='lat' dir='ltr'><strong>rediitq</strong></span> <span class='ocrx_word' id='word_1_248' title='bbox 1628 2323 1671 2390; x_wconf 91' lang='lat' dir='ltr'><strong>ib.</strong></span> <span class='ocrx_word' id='word_1_249' title='bbox 1697 2345 1727 2408; x_wconf 92' lang='lat' dir='ltr'><strong>p.</strong></span> <span class='ocrx_word' id='word_1_250' title='bbox 1754 2331 1853 2386; x_wconf 43' lang='grc'><strong>1207,</strong></span> <span class='ocrx_word' id='word_1_251' title='bbox 1871 2321 1918 2385; x_wconf 89' lang='lat' dir='ltr'><strong>D:</strong></span> <span class='ocrx_word' id='word_1_252' title='bbox 1951 2325 2011 2384; x_wconf 86' lang='grc' dir='ltr'><strong>καί</strong></span> <span class='ocrx_word' id='word_1_253' title='bbox 2029 2319 2128 2384; x_wconf 85' lang='grc' dir='ltr'>εἴποτε</span> 
     </span>
     <span class='ocr_line' id='line_1_18' title="bbox 216 2421 2126 2518; baseline 0.002 -32"><span class='ocrx_word' id='word_1_254' title='bbox 216 2424 245 2498; x_wconf 79' lang='grc' dir='ltr'><strong>ἐξ</strong></span> <span class='ocrx_word' id='word_1_255' title='bbox 267 2422 359 2488; x_wconf 79' lang='lat' dir='ltr'><strong>&#39;durno</strong></span> <span class='ocrx_word' id='word_1_256' title='bbox 383 2421 525 2518; x_wconf 79' lang='grc' dir='ltr'>ἐγερθείῆ</span> <span class='ocrx_word' id='word_1_257' title='bbox 551 2429 638 2510; x_wconf 82' lang='grc' dir='ltr'>μόγις</span> <span class='ocrx_word' id='word_1_258' title='bbox 662 2421 762 2497; x_wconf 72' lang='grc' dir='ltr'>αὐτὸς,</span> <span class='ocrx_word' id='word_1_259' title='bbox 776 2423 889 2488; x_wconf 78' lang='grc' dir='ltr'>ἑωυτοῦ</span> <span class='ocrx_word' id='word_1_260' title='bbox 914 2423 971 2510; x_wconf 92' lang='lat' dir='ltr'><strong>(sc.</strong></span> <span class='ocrx_word' id='word_1_261' title='bbox 995 2423 1032 2514; x_wconf 81' lang='grc' dir='ltr'>ῆν</span> <span class='ocrx_word' id='word_1_262' title='bbox 1056 2426 1109 2491; x_wconf 84' lang='lat' dir='ltr'><strong>vel</strong></span> <span class='ocrx_word' id='word_1_263' title='bbox 1131 2425 1272 2511; x_wconf 74' lang='grc' dir='ltr'>ἐγένετο),</span> <span class='ocrx_word' id='word_1_264' title='bbox 1294 2428 1333 2491; x_wconf 83' lang='lat' dir='ltr'><strong>cf.</strong></span> <span class='ocrx_word' id='word_1_265' title='bbox 1358 2427 1500 2510; x_wconf 82' lang='lat' dir='ltr'><strong>ib.V11,</strong></span> <span class='ocrx_word' id='word_1_266' title='bbox 1526 2451 1557 2514; x_wconf 93' lang='lat' dir='ltr'><strong>p.</strong></span> <span class='ocrx_word' id='word_1_267' title='bbox 1577 2437 1660 2492; x_wconf 91' lang='grc'><strong>1222</strong></span> <span class='ocrx_word' id='word_1_268' title='bbox 1686 2428 1726 2492; x_wconf 92' lang='lat' dir='ltr'><strong>D.</strong></span> <span class='ocrx_word' id='word_1_269' title='bbox 1776 2427 1941 2504; x_wconf 88' lang='lat' dir='ltr'><strong>Demosth.</strong></span> <span class='ocrx_word' id='word_1_270' title='bbox 1969 2433 2064 2505; x_wconf 84' lang='grc'><strong>1450,</strong></span> <span class='ocrx_word' id='word_1_271' title='bbox 2090 2433 2126 2490; x_wconf 83' lang='lat'><strong>9:</strong></span> 
     </span>
     <span class='ocr_line' id='line_1_19' title="bbox 216 2527 2128 2620; baseline -0.001 -26"><span class='ocrx_word' id='word_1_272' title='bbox 216 2528 297 2604; x_wconf 66' lang='grc' dir='ltr'>ταυτῗ</span> <span class='ocrx_word' id='word_1_273' title='bbox 321 2527 392 2620; x_wconf 79' lang='grc' dir='ltr'>ὅταν</span> <span class='ocrx_word' id='word_1_274' title='bbox 415 2535 488 2594; x_wconf 82' lang='grc' dir='ltr'>τοτὲ</span> <span class='ocrx_word' id='word_1_275' title='bbox 511 2531 668 2616; x_wconf 78' lang='grc' dir='ltr'>βοίιλῆσδε</span> <span class='ocrx_word' id='word_1_276' title='bbox 693 2527 797 2615; x_wconf 75' lang='grc' dir='ltr'>ὑμῶν</span> <span class='ocrx_word' id='word_1_277' title='bbox 821 2528 944 2595; x_wconf 77' lang='grc' dir='ltr'>αυτόν</span> <span class='ocrx_word' id='word_1_278' title='bbox 969 2531 1079 2605; x_wconf 82' lang='grc' dir='ltr'>ὄντες</span> <span class='ocrx_word' id='word_1_279' title='bbox 1103 2531 1234 2597; x_wconf 77' lang='grc' dir='ltr'>ἀκουειν.</span> <span class='ocrx_word' id='word_1_280' title='bbox 1281 2533 1378 2619; x_wconf 83' lang='lat' dir='ltr'><strong>Soph.</strong></span> <span class='ocrx_word' id='word_1_281' title='bbox 1404 2534 1537 2599; x_wconf 91' lang='lat' dir='ltr'><strong>Philoct.</strong></span> <span class='ocrx_word' id='word_1_282' title='bbox 1563 2559 1591 2600; x_wconf 90' lang='lat' dir='ltr'><strong>v.</strong></span> <span class='ocrx_word' id='word_1_283' title='bbox 1619 2543 1683 2601; x_wconf 81' lang='lat'><strong>950</strong></span> <span class='ocrx_word' id='word_1_284' title='bbox 1712 2533 1795 2598; x_wconf 88' lang='grc' dir='ltr'><strong>ἀλλά</strong></span> <span class='ocrx_word' id='word_1_285' title='bbox 1818 2545 1868 2598; x_wconf 83' lang='grc' dir='ltr'><strong>νυν</strong></span> <span class='ocrx_word' id='word_1_286' title='bbox 1892 2533 1933 2596; x_wconf 82' lang='grc' dir='ltr'><strong>ἔτ’</strong></span> <span class='ocrx_word' id='word_1_287' title='bbox 1959 2531 1988 2596; x_wconf 85' lang='grc' dir='ltr'>ἐν</span> <span class='ocrx_word' id='word_1_288' title='bbox 2013 2540 2128 2596; x_wconf 71' lang='lat' dir='ltr'><strong>ceuton</strong></span> 
     </span>
     <span class='ocr_line' id='line_1_20' title="bbox 215 2635 2126 2728; baseline 0.002 -30"><span class='ocrx_word' id='word_1_289' title='bbox 215 2645 300 2716; x_wconf 80' lang='grc' dir='ltr'>γενοῦ</span> <span class='ocrx_word' id='word_1_290' title='bbox 324 2635 391 2720; x_wconf 87' lang='lat' dir='ltr'><strong>(alii</strong></span> <span class='ocrx_word' id='word_1_291' title='bbox 416 2635 657 2719; x_wconf 58' lang='lat' dir='ltr'><strong>caorq);‚idem</strong></span> <span class='ocrx_word' id='word_1_292' title='bbox 674 2635 789 2723; x_wconf 89' lang='lat' dir='ltr'><strong>Oedip.</strong></span> <span class='ocrx_word' id='word_1_293' title='bbox 806 2636 873 2703; x_wconf 79' lang='lat' dir='ltr'><strong>Col.</strong></span> <span class='ocrx_word' id='word_1_294' title='bbox 890 2661 921 2700; x_wconf 90' lang='lat' dir='ltr'><strong>v.</strong></span> <span class='ocrx_word' id='word_1_295' title='bbox 941 2644 981 2702; x_wconf 79' lang='lat'><strong>65</strong></span> <span class='ocrx_word' id='word_1_296' title='bbox 999 2635 1015 2701; x_wconf 86' lang='grc' dir='ltr'><strong>ὁ</strong></span> <span class='ocrx_word' id='word_1_297' title='bbox 1031 2647 1100 2710; x_wconf 82' lang='grc' dir='ltr'>νοός</span> <span class='ocrx_word' id='word_1_298' title='bbox 1123 2637 1195 2704; x_wconf 79' lang='grc' dir='ltr'>ὅταν</span> <span class='ocrx_word' id='word_1_299' title='bbox 1219 2636 1311 2703; x_wconf 80' lang='grc' dir='ltr'>αὑτοῦ</span> <span class='ocrx_word' id='word_1_300' title='bbox 1334 2645 1467 2726; x_wconf 77' lang='grc' dir='ltr'>γένηται.</span> <span class='ocrx_word' id='word_1_301' title='bbox 1514 2642 1665 2728; x_wconf 85' lang='lat' dir='ltr'><strong>Denique</strong></span> <span class='ocrx_word' id='word_1_302' title='bbox 1688 2641 1770 2706; x_wconf 89' lang='lat' dir='ltr'><strong>Plat.</strong></span> <span class='ocrx_word' id='word_1_303' title='bbox 1794 2639 1932 2706; x_wconf 87' lang='lat' dir='ltr'><strong>Phaedr.</strong></span> <span class='ocrx_word' id='word_1_304' title='bbox 1957 2661 1988 2724; x_wconf 94' lang='lat' dir='ltr'><strong>p.</strong></span> <span class='ocrx_word' id='word_1_305' title='bbox 2004 2645 2068 2702; x_wconf 81' lang='grc'><strong>250</strong></span> <span class='ocrx_word' id='word_1_306' title='bbox 2085 2637 2126 2702; x_wconf 85' lang='grc' dir='ltr'><strong>Α.</strong></span> 
     </span>
     <span class='ocr_line' id='line_1_21' title="bbox 216 2739 2125 2833; baseline 0.001 -29"><span class='ocrx_word' id='word_1_307' title='bbox 216 2742 436 2828; x_wconf 68' lang='grc' dir='ltr'>ἐκπλήττονται</span> <span class='ocrx_word' id='word_1_308' title='bbox 466 2747 519 2806; x_wconf 85' lang='grc' dir='ltr'><strong>καί</strong></span> <span class='ocrx_word' id='word_1_309' title='bbox 549 2740 604 2806; x_wconf 82' lang='grc' dir='ltr'><strong>ουκ</strong></span> <span class='ocrx_word' id='word_1_310' title='bbox 632 2741 681 2808; x_wconf 73' lang='grc' dir='ltr'><strong>ἔθ’</strong></span> <span class='ocrx_word' id='word_1_311' title='bbox 714 2739 809 2807; x_wconf 74' lang='grc' dir='ltr'>αὑτῶν</span> <span class='ocrx_word' id='word_1_312' title='bbox 839 2749 999 2824; x_wconf 88' lang='grc' dir='ltr'>γίγνονται.</span> <span class='ocrx_word' id='word_1_313' title='bbox 1047 2744 1215 2832; x_wconf 87' lang='lat' dir='ltr'><strong>(Inspicias</strong></span> <span class='ocrx_word' id='word_1_314' title='bbox 1244 2749 1474 2831; x_wconf 84' lang='lat' dir='ltr'><strong>grammaticen</strong></span> <span class='ocrx_word' id='word_1_315' title='bbox 1505 2749 1548 2814; x_wconf 89' lang='lat' dir='ltr'><strong>K.</strong></span> <span class='ocrx_word' id='word_1_316' title='bbox 1573 2749 1626 2812; x_wconf 93' lang='lat' dir='ltr'><strong>W.</strong></span> <span class='ocrx_word' id='word_1_317' title='bbox 1651 2748 1802 2833; x_wconf 88' lang='lat' dir='ltr'><strong>Kruegor</strong></span> <span class='ocrx_word' id='word_1_318' title='bbox 1832 2751 1927 2828; x_wconf 73' lang='lat'><strong>§&#39;47‚</strong></span> <span class='ocrx_word' id='word_1_319' title='bbox 1959 2744 2055 2809; x_wconf 87' lang='lat' dir='ltr'><strong>Anm.</strong></span> <span class='ocrx_word' id='word_1_320' title='bbox 2082 2745 2125 2826; x_wconf 78' lang='grc'><strong>6).</strong></span> 
     </span>
     <span class='ocr_line' id='line_1_22' title="bbox 214 2849 2126 2938; baseline -0.001 -24"><span class='ocrx_word' id='word_1_321' title='bbox 214 2851 308 2914; x_wconf 89' lang='lat' dir='ltr'><strong>Nunc</strong></span> <span class='ocrx_word' id='word_1_322' title='bbox 332 2849 524 2918; x_wconf 81' lang='lat' dir='ltr'><strong>verosacile</strong></span> <span class='ocrx_word' id='word_1_323' title='bbox 547 2850 724 2934; x_wconf 87' lang='lat' dir='ltr'><strong>intellegas,</strong></span> <span class='ocrx_word' id='word_1_324' title='bbox 749 2851 968 2935; x_wconf 52' lang='lat' dir='ltr'><strong>qnid‘Atossa</strong></span> <span class='ocrx_word' id='word_1_325' title='bbox 992 2850 1093 2917; x_wconf 85' lang='lat' dir='ltr'><strong>dicat:</strong></span> <span class='ocrx_word' id='word_1_326' title='bbox 1129 2874 1226 2928; x_wconf 87' lang='lat' dir='ltr'><strong>„cura</strong></span> <span class='ocrx_word' id='word_1_327' title='bbox 1248 2852 1378 2938; x_wconf 90' lang='lat' dir='ltr'><strong>quidem</strong></span> <span class='ocrx_word' id='word_1_328' title='bbox 1404 2855 1544 2916; x_wconf 89' lang='lat' dir='ltr'><strong>animum</strong></span> <span class='ocrx_word' id='word_1_329' title='bbox 1570 2876 1678 2918; x_wconf 90' lang='lat' dir='ltr'><strong>meum</strong></span> <span class='ocrx_word' id='word_1_330' title='bbox 1701 2863 1892 2930; x_wconf 85' lang='lat' dir='ltr'><strong>commovet,</strong></span> <span class='ocrx_word' id='word_1_331' title='bbox 1924 2851 2126 2934; x_wconf 90' lang='lat' dir='ltr'><strong>sed-nequa-</strong></span> 
     </span>
     <span class='ocr_line' id='line_1_23' title="bbox 215 2953 2126 3043; baseline -0.003 -22"><span class='ocrx_word' id='word_1_332' title='bbox 215 2979 311 3040; x_wconf 88' lang='lat' dir='ltr'><strong>quam</strong></span> <span class='ocrx_word' id='word_1_333' title='bbox 336 2969 423 3021; x_wconf 90' lang='lat' dir='ltr'><strong>metu</strong></span> <span class='ocrx_word' id='word_1_334' title='bbox 447 2957 509 3020; x_wconf 90' lang='lat' dir='ltr'><strong>mei</strong></span> <span class='ocrx_word' id='word_1_335' title='bbox 529 2978 661 3042; x_wconf 85' lang='lat' dir='ltr'><strong>compos</strong></span> <span class='ocrx_word' id='word_1_336' title='bbox 685 2979 746 3020; x_wconf 93' lang='lat' dir='ltr'><strong>non</strong></span> <span class='ocrx_word' id='word_1_337' title='bbox 770 2965 870 3018; x_wconf 86' lang='lat' dir='ltr'><strong>sum..“</strong></span> <span class='ocrx_word' id='word_1_338' title='bbox 902 2955 994 3038; x_wconf 76' lang='lat' dir='ltr'><strong>,Qua</strong></span> <span class='ocrx_word' id='word_1_339' title='bbox 1017 2955 1059 3020; x_wconf 90' lang='lat' dir='ltr'><strong>de</strong></span> <span class='ocrx_word' id='word_1_340' title='bbox 1082 2980 1179 3022; x_wconf 84' lang='lat' dir='ltr'><strong>cansa</strong></span> <span class='ocrx_word' id='word_1_341' title='bbox 1202 2957 1345 3043; x_wconf 87' lang='grc' dir='ltr'>δείματος</span> <span class='ocrx_word' id='word_1_342' title='bbox 1370 2957 1447 3022; x_wconf 91' lang='lat' dir='ltr'><strong>mibi</strong></span> <span class='ocrx_word' id='word_1_343' title='bbox 1470 2959 1548 3022; x_wconf 88' lang='lat' dir='ltr'><strong>nihil</strong></span> <span class='ocrx_word' id='word_1_344' title='bbox 1574 2958 1662 3023; x_wconf 87' lang='lat' dir='ltr'><strong>aliud</strong></span> <span class='ocrx_word' id='word_1_345' title='bbox 1685 2981 1755 3024; x_wconf 89' lang='lat' dir='ltr'><strong>esse</strong></span> <span class='ocrx_word' id='word_1_346' title='bbox 1778 2959 1911 3023; x_wconf 87' lang='lat' dir='ltr'><strong>videtur</strong></span> <span class='ocrx_word' id='word_1_347' title='bbox 1931 2978 2030 3042; x_wconf 91' lang='lat' dir='ltr'><strong>quam</strong></span> <span class='ocrx_word' id='word_1_348' title='bbox 2055 2953 2126 3018; x_wconf 92' lang='lat' dir='ltr'><strong>reli·</strong></span> 
     </span>
     <span class='ocr_line' id='line_1_24' title="bbox 216 3061 2127 3152; baseline -0.001 -28"><span class='ocrx_word' id='word_1_349' title='bbox 216 3063 310 3146; x_wconf 86' lang='lat' dir='ltr'><strong>quiae</strong></span> <span class='ocrx_word' id='word_1_350' title='bbox 343 3062 445 3132; x_wconf 86' lang='lat' dir='ltr'><strong>dativi</strong></span> <span class='ocrx_word' id='word_1_351' title='bbox 480 3063 625 3147; x_wconf 86' lang='grc' dir='ltr'>δείμασιν.</span> <span class='ocrx_word' id='word_1_352' title='bbox 672 3063 710 3126; x_wconf 91' lang='lat' dir='ltr'><strong>In</strong></span> <span class='ocrx_word' id='word_1_353' title='bbox 746 3061 919 3148; x_wconf 88' lang='lat' dir='ltr'><strong>archetypo</strong></span> <span class='ocrx_word' id='word_1_354' title='bbox 954 3067 1065 3148; x_wconf 89' lang='lat' dir='ltr'><strong>itaque</strong></span> <span class='ocrx_word' id='word_1_355' title='bbox 1098 3062 1251 3128; x_wconf 74' lang='lat' dir='ltr'><strong>nuditum</strong></span> <span class='ocrx_word' id='word_1_356' title='bbox 1288 3065 1385 3129; x_wconf 86' lang='lat' dir='ltr'><strong>fuisse</strong></span> <span class='ocrx_word' id='word_1_357' title='bbox 1416 3078 1511 3150; x_wconf 92' lang='lat' dir='ltr'><strong>puto:</strong></span> <span class='ocrx_word' id='word_1_358' title='bbox 1548 3063 1691 3150; x_wconf 82' lang='grc' dir='ltr'>οόδαμόις</span> <span class='ocrx_word' id='word_1_359' title='bbox 1722 3063 1858 3152; x_wconf 77' lang='grc' dir='ltr'>ἐμαυτῆς</span> <span class='ocrx_word' id='word_1_360' title='bbox 1882 3061 1958 3126; x_wconf 75' lang='grc' dir='ltr'>οὖσα</span> <span class='ocrx_word' id='word_1_361' title='bbox 1981 3063 2127 3146; x_wconf 84' lang='grc' dir='ltr'>δείμασιν,</span> 
     </span>
     <span class='ocr_line' id='line_1_25' title="bbox 215 3167 2129 3256; baseline 0.001 -26"><span class='ocrx_word' id='word_1_362' title='bbox 215 3169 354 3252; x_wconf 62' lang='grc' dir='ltr'>μίλακί.</span> <span class='ocrx_word' id='word_1_363' title='bbox 379 3191 406 3236; x_wconf 92' lang='lat' dir='ltr'><strong>e.</strong></span> <span class='ocrx_word' id='word_1_364' title='bbox 432 3190 651 3253; x_wconf 80' lang='lat' dir='ltr'><strong>nequaquam.</strong></span> <span class='ocrx_word' id='word_1_365' title='bbox 666 3169 930 3234; x_wconf 86' lang='lat' dir='ltr'><strong>terriculamentis</strong></span> <span class='ocrx_word' id='word_1_366' title='bbox 961 3171 1154 3238; x_wconf 84' lang='lat' dir='ltr'><strong>exanimata.</strong></span> <span class='ocrx_word' id='word_1_367' title='bbox 1201 3169 1377 3250; x_wconf 83' lang='lat' dir='ltr'><strong>Librarius,</strong></span> <span class='ocrx_word' id='word_1_368' title='bbox 1402 3173 1458 3256; x_wconf 90' lang='lat' dir='ltr'><strong>qui</strong></span> <span class='ocrx_word' id='word_1_369' title='bbox 1481 3171 1600 3235; x_wconf 88' lang='lat' dir='ltr'><strong>iudicio</strong></span> <span class='ocrx_word' id='word_1_370' title='bbox 1623 3194 1686 3236; x_wconf 92' lang='lat' dir='ltr'><strong>non</strong></span> <span class='ocrx_word' id='word_1_371' title='bbox 1711 3169 1856 3244; x_wconf 89' lang='lat' dir='ltr'><strong>adhibito</strong></span> <span class='ocrx_word' id='word_1_372' title='bbox 1884 3193 1927 3234; x_wconf 84' lang='lat' dir='ltr'><strong>ex</strong></span> <span class='ocrx_word' id='word_1_373' title='bbox 1954 3167 2129 3252; x_wconf 87' lang='lat' dir='ltr'><strong>archetypo</strong></span> 
     </span>
     <span class='ocr_line' id='line_1_26' title="bbox 216 3269 2128 3364; baseline -0.001 -26"><span class='ocrx_word' id='word_1_374' title='bbox 216 3275 391 3359; x_wconf 81' lang='lat' dir='ltr'><strong>descripsit,</strong></span> <span class='ocrx_word' id='word_1_375' title='bbox 427 3297 499 3338; x_wconf 91' lang='lat' dir='ltr'><strong>cnm</strong></span> <span class='ocrx_word' id='word_1_376' title='bbox 522 3273 644 3344; x_wconf 49' lang='lat' dir='ltr'><strong>¹horum</strong></span> <span class='ocrx_word' id='word_1_377' title='bbox 675 3288 790 3361; x_wconf 88' lang='lat' dir='ltr'><strong>poetae</strong></span> <span class='ocrx_word' id='word_1_378' title='bbox 821 3274 994 3341; x_wconf 90' lang='lat' dir='ltr'><strong>verborum</strong></span> <span class='ocrx_word' id='word_1_379' title='bbox 1025 3298 1165 3340; x_wconf 88' lang='lat' dir='ltr'><strong>sensum</strong></span> <span class='ocrx_word' id='word_1_380' title='bbox 1184 3299 1245 3341; x_wconf 91' lang='lat' dir='ltr'><strong>non</strong></span> <span class='ocrx_word' id='word_1_381' title='bbox 1277 3277 1589 3364; x_wconf 80' lang='lat' dir='ltr'><strong>intellexisset,...pro</strong></span> <span class='ocrx_word' id='word_1_382' title='bbox 1624 3274 1701 3342; x_wconf 80' lang='grc' dir='ltr'>οὖσα</span> <span class='ocrx_word' id='word_1_383' title='bbox 1736 3277 1873 3362; x_wconf 81' lang='grc' dir='ltr'>δείμασιν</span> <span class='ocrx_word' id='word_1_384' title='bbox 1908 3277 2029 3360; x_wconf 85' lang='lat' dir='ltr'><strong>recepit</strong></span> <span class='ocrx_word' id='word_1_385' title='bbox 2064 3269 2128 3336; x_wconf 83' lang='lat' dir='ltr'><strong>obo’</strong></span> 
     </span>
     <span class='ocr_line' id='line_1_27' title="bbox 215 3378 2129 3470; baseline 0 -28"><span class='ocrx_word' id='word_1_386' title='bbox 215 3379 389 3465; x_wconf 85' lang='grc' dir='ltr'>ἀδείματος.</span> <span class='ocrx_word' id='word_1_387' title='bbox 447 3379 540 3460; x_wconf 77' lang='lat' dir='ltr'><strong>Quae</strong></span> <span class='ocrx_word' id='word_1_388' title='bbox 578 3383 759 3448; x_wconf 89' lang='lat' dir='ltr'><strong>emendatio</strong></span> <span class='ocrx_word' id='word_1_389' title='bbox 795 3405 859 3447; x_wconf 92' lang='lat' dir='ltr'><strong>non</strong></span> <span class='ocrx_word' id='word_1_390' title='bbox 889 3405 1006 3464; x_wconf 88' lang='lat' dir='ltr'><strong>magno</strong></span> <span class='ocrx_word' id='word_1_391' title='bbox 1036 3382 1115 3446; x_wconf 91' lang='lat' dir='ltr'><strong>mihi</strong></span> <span class='ocrx_word' id='word_1_392' title='bbox 1149 3381 1259 3448; x_wconf 87' lang='lat' dir='ltr'><strong>labore</strong></span> <span class='ocrx_word' id='word_1_393' title='bbox 1294 3385 1444 3464; x_wconf 88' lang='lat' dir='ltr'><strong>constitit,</strong></span> <span class='ocrx_word' id='word_1_394' title='bbox 1475 3406 1548 3447; x_wconf 90' lang='lat' dir='ltr'><strong>cum</strong></span> <span class='ocrx_word' id='word_1_395' title='bbox 1583 3407 1603 3447; x_wconf 90' lang='lat' dir='ltr'><strong>a</strong></span> <span class='ocrx_word' id='word_1_396' title='bbox 1641 3393 1736 3469; x_wconf 90' lang='lat' dir='ltr'><strong>poeta</strong></span> <span class='ocrx_word' id='word_1_397' title='bbox 1770 3385 1839 3470; x_wconf 91' lang='lat' dir='ltr'><strong>ipso</strong></span> <span class='ocrx_word' id='word_1_398' title='bbox 1873 3382 1968 3446; x_wconf 90' lang='lat' dir='ltr'><strong>huius</strong></span> <span class='ocrx_word' id='word_1_399' title='bbox 1999 3378 2129 3443; x_wconf 85' lang='lat' dir='ltr'><strong>fabulae</strong></span> 
     </span>
     <span class='ocr_line' id='line_1_28' title="bbox 215 3482 2127 3574; baseline -0.002 -23"><span class='ocrx_word' id='word_1_400' title='bbox 215 3486 284 3552; x_wconf 91' lang='lat' dir='ltr'><strong>aliis</strong></span> <span class='ocrx_word' id='word_1_401' title='bbox 315 3486 441 3553; x_wconf 91' lang='lat' dir='ltr'><strong>dnobus</strong></span> <span class='ocrx_word' id='word_1_402' title='bbox 472 3487 548 3552; x_wconf 87' lang='lat' dir='ltr'><strong>locis</strong></span> <span class='ocrx_word' id='word_1_403' title='bbox 579 3490 671 3574; x_wconf 88' lang='lat' dir='ltr'><strong>quasi</strong></span> <span class='ocrx_word' id='word_1_404' title='bbox 703 3488 804 3572; x_wconf 84' lang='lat' dir='ltr'><strong>digito</strong></span> <span class='ocrx_word' id='word_1_405' title='bbox 835 3499 1011 3553; x_wconf 87' lang='lat' dir='ltr'><strong>monstrata</strong></span> <span class='ocrx_word' id='word_1_406' title='bbox 1042 3489 1090 3555; x_wconf 75' lang='lat' dir='ltr'><strong>sit.</strong></span> <span class='ocrx_word' id='word_1_407' title='bbox 1126 3513 1157 3554; x_wconf 90' lang='grc' dir='ltr'>ν.</span> <span class='ocrx_word' id='word_1_408' title='bbox 1191 3497 1256 3554; x_wconf 93' lang='grc'><strong>210</strong></span> <span class='ocrx_word' id='word_1_409' title='bbox 1277 3489 1398 3556; x_wconf 84' lang='lat' dir='ltr'><strong>Xerxis</strong></span> <span class='ocrx_word' id='word_1_410' title='bbox 1425 3500 1529 3555; x_wconf 90' lang='lat' dir='ltr'><strong>mater</strong></span> <span class='ocrx_word' id='word_1_411' title='bbox 1564 3489 1657 3555; x_wconf 91' lang='lat' dir='ltr'><strong>dicit:</strong></span> <span class='ocrx_word' id='word_1_412' title='bbox 1693 3489 1778 3554; x_wconf 81' lang='grc' dir='ltr'>ταῦτ’</span> <span class='ocrx_word' id='word_1_413' title='bbox 1802 3489 1903 3573; x_wconf 78' lang='grc' dir='ltr'>ἔμοιγε</span> <span class='ocrx_word' id='word_1_414' title='bbox 1927 3485 2045 3571; x_wconf 80' lang='grc' dir='ltr'>δείματ’</span> <span class='ocrx_word' id='word_1_415' title='bbox 2067 3482 2127 3548; x_wconf 87' lang='grc' dir='ltr'>ἔστ’</span> 
     </span>
     <span class='ocr_line' id='line_1_29' title="bbox 214 3588 2128 3682; baseline -0.003 -26"><span class='ocrx_word' id='word_1_416' title='bbox 214 3592 298 3656; x_wconf 81' lang='grc' dir='ltr'>ἰδεῖν.</span> <span class='ocrx_word' id='word_1_417' title='bbox 347 3594 439 3672; x_wconf 46' lang='grc' dir='ltr'><strong>ΙΗίυ,</strong></span> <span class='ocrx_word' id='word_1_418' title='bbox 465 3595 595 3679; x_wconf 88' lang='grc' dir='ltr'>δείματα</span> <span class='ocrx_word' id='word_1_419' title='bbox 638 3594 819 3679; x_wconf 88' lang='lat' dir='ltr'><strong>significant</strong></span> <span class='ocrx_word' id='word_1_420' title='bbox 851 3617 903 3660; x_wconf 89' lang='lat' dir='ltr'><strong>res</strong></span> <span class='ocrx_word' id='word_1_421' title='bbox 937 3607 1090 3660; x_wconf 87' lang='lat' dir='ltr'><strong>terrorem</strong></span> <span class='ocrx_word' id='word_1_422' title='bbox 1124 3597 1300 3660; x_wconf 90' lang='lat' dir='ltr'><strong>iniicientes</strong></span> <span class='ocrx_word' id='word_1_423' title='bbox 1336 3607 1369 3660; x_wconf 93' lang='lat' dir='ltr'><strong>et</strong></span> <span class='ocrx_word' id='word_1_424' title='bbox 1403 3607 1548 3682; x_wconf 88' lang='lat' dir='ltr'><strong>spectant</strong></span> <span class='ocrx_word' id='word_1_425' title='bbox 1584 3595 1626 3660; x_wconf 88' lang='lat' dir='ltr'><strong>ad</strong></span> <span class='ocrx_word' id='word_1_426' title='bbox 1660 3619 1691 3662; x_wconf 87' lang='grc' dir='ltr'><strong>ν.</strong></span> <span class='ocrx_word' id='word_1_427' title='bbox 1726 3602 1787 3661; x_wconf 82' lang='grc'><strong>170</strong></span> <span class='ocrx_word' id='word_1_428' title='bbox 1827 3594 1957 3665; x_wconf 84' lang='grc' dir='ltr'>πολλοῖς</span> <span class='ocrx_word' id='word_1_429' title='bbox 1992 3597 2046 3678; x_wconf 80' lang='grc' dir='ltr'><strong>μὲν</strong></span> <span class='ocrx_word' id='word_1_430' title='bbox 2081 3588 2128 3652; x_wconf 85' lang='grc' dir='ltr'><strong>ἀεί</strong></span> 
     </span>
     <span class='ocr_line' id='line_1_30' title="bbox 215 3693 2128 3788; baseline -0.002 -26"><span class='ocrx_word' id='word_1_431' title='bbox 215 3703 368 3783; x_wconf 76' lang='grc' dir='ltr'>νυκτέροις</span> <span class='ocrx_word' id='word_1_432' title='bbox 404 3696 535 3784; x_wconf 78' lang='grc' dir='ltr'>ὀνείρασι</span> <span class='ocrx_word' id='word_1_433' title='bbox 574 3699 577 3787; x_wconf 74' lang='lat' dir='ltr'><strong>l</strong></span> <span class='ocrx_word' id='word_1_434' title='bbox 611 3700 720 3786; x_wconf 73' lang='grc' dir='ltr'>ίίινειμ</span> <span class='ocrx_word' id='word_1_435' title='bbox 756 3722 785 3764; x_wconf 91' lang='grc' dir='ltr'><strong>κ.</strong></span> <span class='ocrx_word' id='word_1_436' title='bbox 821 3723 846 3764; x_wconf 88' lang='grc' dir='ltr'><strong>τ.</strong></span> <span class='ocrx_word' id='word_1_437' title='bbox 883 3700 912 3764; x_wconf 91' lang='grc' dir='ltr'><strong>λ.</strong></span> <span class='ocrx_word' id='word_1_438' title='bbox 944 3702 988 3765; x_wconf 90' lang='lat' dir='ltr'><strong>ad</strong></span> <span class='ocrx_word' id='word_1_439' title='bbox 1021 3700 1108 3787; x_wconf 91' lang='lat' dir='ltr'><strong>quod</strong></span> <span class='ocrx_word' id='word_1_440' title='bbox 1143 3701 1286 3766; x_wconf 87' lang='lat' dir='ltr'><strong>conferas</strong></span> <span class='ocrx_word' id='word_1_441' title='bbox 1322 3725 1351 3766; x_wconf 89' lang='lat' dir='ltr'><strong>v.</strong></span> <span class='ocrx_word' id='word_1_442' title='bbox 1389 3710 1473 3768; x_wconf 77' lang='lat'><strong>59⁷:</strong></span> <span class='ocrx_word' id='word_1_443' title='bbox 1501 3703 1603 3788; x_wconf 70' lang='grc' dir='ltr'>φίλοι,</span> <span class='ocrx_word' id='word_1_444' title='bbox 1638 3693 1744 3766; x_wconf 80' lang='grc' dir='ltr'>κακῶν</span> <span class='ocrx_word' id='word_1_445' title='bbox 1781 3706 1834 3786; x_wconf 82' lang='grc' dir='ltr'><strong>μὲν</strong></span> <span class='ocrx_word' id='word_1_446' title='bbox 1870 3699 1951 3772; x_wconf 80' lang='grc' dir='ltr'>ὅστις</span> <span class='ocrx_word' id='word_1_447' title='bbox 1985 3699 2128 3783; x_wconf 83' lang='grc' dir='ltr'>ἔμπειρος</span> 
     </span>
     <span class='ocr_line' id='line_1_31' title="bbox 215 3804 2130 3898; baseline -0.001 -30"><span class='ocrx_word' id='word_1_448' title='bbox 215 3817 332 3898; x_wconf 78' lang='grc' dir='ltr'>κυρεῖ.</span> <span class='ocrx_word' id='word_1_449' title='bbox 358 3857 365 3871; x_wconf 92' lang='grc'>.</span> <span class='ocrx_word' id='word_1_450' title='bbox 391 3856 399 3871; x_wconf 92' lang='grc'>.</span> <span class='ocrx_word' id='word_1_451' title='bbox 425 3811 523 3870; x_wconf 82' lang='grc' dir='ltr'>πάντα</span> <span class='ocrx_word' id='word_1_452' title='bbox 548 3808 708 3892; x_wconf 81' lang='grc' dir='ltr'>δειμαίνειν</span> <span class='ocrx_word' id='word_1_453' title='bbox 732 3808 824 3894; x_wconf 78' lang='grc' dir='ltr'>φιλεῖ,</span> <span class='ocrx_word' id='word_1_454' title='bbox 854 3819 938 3872; x_wconf 88' lang='lat' dir='ltr'><strong>etv.</strong></span> <span class='ocrx_word' id='word_1_455' title='bbox 965 3813 1026 3872; x_wconf 89' lang='grc'><strong>603</strong></span> <span class='ocrx_word' id='word_1_456' title='bbox 1059 3804 1125 3892; x_wconf 80' lang='grc' dir='ltr'>ἐμοὶ</span> <span class='ocrx_word' id='word_1_457' title='bbox 1148 3811 1207 3890; x_wconf 84' lang='grc' dir='ltr'><strong>γὰρ</strong></span> <span class='ocrx_word' id='word_1_458' title='bbox 1230 3807 1291 3894; x_wconf 81' lang='grc' dir='ltr'><strong>ἤδη</strong></span> <span class='ocrx_word' id='word_1_459' title='bbox 1316 3813 1414 3873; x_wconf 83' lang='grc' dir='ltr'>πάντα</span> <span class='ocrx_word' id='word_1_460' title='bbox 1438 3813 1491 3894; x_wconf 84' lang='grc' dir='ltr'><strong>μὲν</strong></span> <span class='ocrx_word' id='word_1_461' title='bbox 1515 3810 1609 3894; x_wconf 79' lang='grc' dir='ltr'>φόβου</span> <span class='ocrx_word' id='word_1_462' title='bbox 1635 3809 1724 3873; x_wconf 85' lang='grc' dir='ltr'>πλὲα.</span> <span class='ocrx_word' id='word_1_463' title='bbox 1773 3808 1843 3872; x_wconf 89' lang='lat' dir='ltr'><strong>Hoc</strong></span> <span class='ocrx_word' id='word_1_464' title='bbox 1872 3806 1914 3871; x_wconf 92' lang='lat' dir='ltr'><strong>de</strong></span> <span class='ocrx_word' id='word_1_465' title='bbox 1937 3826 1999 3890; x_wconf 88' lang='lat' dir='ltr'><strong>quo</strong></span> <span class='ocrx_word' id='word_1_466' title='bbox 2022 3804 2130 3886; x_wconf 88' lang='lat' dir='ltr'><strong>agitur</strong></span> 
     </span>
     <span class='ocr_line' id='line_1_32' title="bbox 215 3910 2129 4000; baseline -0.002 -25"><span class='ocrx_word' id='word_1_467' title='bbox 215 3912 283 3976; x_wconf 91' lang='lat' dir='ltr'><strong>loce</strong></span> <span class='ocrx_word' id='word_1_468' title='bbox 308 3913 438 3996; x_wconf 87' lang='grc' dir='ltr'>δείματα</span> <span class='ocrx_word' id='word_1_469' title='bbox 462 3913 549 3977; x_wconf 86' lang='lat' dir='ltr'><strong>dicta</strong></span> <span class='ocrx_word' id='word_1_470' title='bbox 572 3927 645 3978; x_wconf 90' lang='lat' dir='ltr'><strong>sunt</strong></span> <span class='ocrx_word' id='word_1_471' title='bbox 667 3936 730 3977; x_wconf 92' lang='lat' dir='ltr'><strong>non</strong></span> <span class='ocrx_word' id='word_1_472' title='bbox 754 3913 856 3977; x_wconf 91' lang='lat' dir='ltr'><strong>solum</strong></span> <span class='ocrx_word' id='word_1_473' title='bbox 887 3913 927 3977; x_wconf 91' lang='lat' dir='ltr'><strong>de</strong></span> <span class='ocrx_word' id='word_1_474' title='bbox 958 3914 1087 3979; x_wconf 86' lang='lat' dir='ltr'><strong>somniis</strong></span> <span class='ocrx_word' id='word_1_475' title='bbox 1113 3916 1285 3993; x_wconf 86' lang='lat' dir='ltr'><strong>nocturnis,</strong></span> <span class='ocrx_word' id='word_1_476' title='bbox 1311 3937 1401 4000; x_wconf 63' lang='lat' dir='ltr'><strong>,quae</strong></span> <span class='ocrx_word' id='word_1_477' title='bbox 1424 3915 1560 3979; x_wconf 88' lang='lat' dir='ltr'><strong>Atossae</strong></span> <span class='ocrx_word' id='word_1_478' title='bbox 1593 3936 1745 4000; x_wconf 79' lang='lat' dir='ltr'><strong>angorem</strong></span> <span class='ocrx_word' id='word_1_479' title='bbox 1771 3914 1919 3990; x_wconf 89' lang='lat' dir='ltr'><strong>inferunt,</strong></span> <span class='ocrx_word' id='word_1_480' title='bbox 1951 3910 2007 3975; x_wconf 90' lang='lat' dir='ltr'><strong>sed</strong></span> <span class='ocrx_word' id='word_1_481' title='bbox 2032 3911 2129 3974; x_wconf 89' lang='lat' dir='ltr'><strong>etiam</strong></span> 
     </span>
     <span class='ocr_line' id='line_1_33' title="bbox 215 4018 2129 4106; baseline -0.004 -22"><span class='ocrx_word' id='word_1_482' title='bbox 215 4042 316 4104; x_wconf 86' lang='lat' dir='ltr'><strong>pavor</strong></span> <span class='ocrx_word' id='word_1_483' title='bbox 340 4019 428 4084; x_wconf 89' lang='lat' dir='ltr'><strong>chori</strong></span> <span class='ocrx_word' id='word_1_484' title='bbox 452 4031 483 4084; x_wconf 91' lang='lat' dir='ltr'><strong>et</strong></span> <span class='ocrx_word' id='word_1_485' title='bbox 514 4021 684 4106; x_wconf 87' lang='lat' dir='ltr'><strong>trepidatio</strong></span> <span class='ocrx_word' id='word_1_486' title='bbox 708 4018 935 4084; x_wconf 89' lang='lat' dir='ltr'><strong>sollicitudines</strong></span> <span class='ocrx_word' id='word_1_487' title='bbox 966 4021 997 4083; x_wconf 91' lang='lat' dir='ltr'><strong>oi</strong></span> <span class='ocrx_word' id='word_1_488' title='bbox 1025 4031 1147 4105; x_wconf 88' lang='lat' dir='ltr'><strong>parant.</strong></span> <span class='ocrx_word' id='word_1_489' title='bbox 1196 4020 1358 4084; x_wconf 89' lang='lat' dir='ltr'><strong>Postremo</strong></span> <span class='ocrx_word' id='word_1_490' title='bbox 1388 4023 1580 4100; x_wconf 88' lang='lat' dir='ltr'><strong>coniectura,</strong></span> <span class='ocrx_word' id='word_1_491' title='bbox 1612 4042 1709 4105; x_wconf 90' lang='lat' dir='ltr'><strong>quam</strong></span> <span class='ocrx_word' id='word_1_492' title='bbox 1741 4020 1899 4105; x_wconf 88' lang='lat' dir='ltr'><strong>proposui,</strong></span> <span class='ocrx_word' id='word_1_493' title='bbox 1935 4037 2129 4101; x_wconf 86' lang='lat' dir='ltr'><strong>magnopere</strong></span> 
     </span>
     <span class='ocr_line' id='line_1_34' title="bbox 216 4117 2129 4212; baseline -0.003 -25"><span class='ocrx_word' id='word_1_494' title='bbox 216 4126 421 4190; x_wconf 83' lang='lat' dir='ltr'><strong>confirmatur</strong></span> <span class='ocrx_word' id='word_1_495' title='bbox 444 4125 634 4192; x_wconf 87' lang='lat' dir='ltr'><strong>scholiastae</strong></span> <span class='ocrx_word' id='word_1_496' title='bbox 658 4127 917 4212; x_wconf 87' lang='lat' dir='ltr'><strong>interpretatione</strong></span> <span class='ocrx_word' id='word_1_497' title='bbox 941 4123 1035 4188; x_wconf 90' lang='lat' dir='ltr'><strong>huius</strong></span> <span class='ocrx_word' id='word_1_498' title='bbox 1058 4124 1134 4188; x_wconf 90' lang='lat' dir='ltr'><strong>loci:</strong></span> <span class='ocrx_word' id='word_1_499' title='bbox 1160 4125 1237 4188; x_wconf 78' lang='grc' dir='ltr'>τοῦτ’</span> <span class='ocrx_word' id='word_1_500' title='bbox 1254 4125 1340 4190; x_wconf 79' lang='grc' dir='ltr'>ἔστιν’</span> <span class='ocrx_word' id='word_1_501' title='bbox 1358 4125 1426 4197; x_wconf 77' lang='grc' dir='ltr'><strong>ἔξω</strong></span> <span class='ocrx_word' id='word_1_502' title='bbox 1447 4137 1513 4190; x_wconf 80' lang='grc' dir='ltr'><strong>τοῦ</strong></span> <span class='ocrx_word' id='word_1_503' title='bbox 1529 4129 1832 4211; x_wconf 78' lang='grc' dir='ltr'>καθεστηκότος</span> <span class='ocrx_word' id='word_1_504' title='bbox 1848 4127 2042 4209; x_wconf 83' lang='grc' dir='ltr'>τυγχάνουσα</span> <span class='ocrx_word' id='word_1_505' title='bbox 2058 4117 2129 4184; x_wconf 78' lang='grc' dir='ltr'><strong>ὑπὸ</strong></span> 
     </span>
     <span class='ocr_line' id='line_1_35' title="bbox 216 4229 2128 4319; baseline -0.004 -23"><span class='ocrx_word' id='word_1_506' title='bbox 216 4243 282 4304; x_wconf 83' lang='grc' dir='ltr'><strong>τοῦ</strong></span> <span class='ocrx_word' id='word_1_507' title='bbox 306 4235 428 4319; x_wconf 75' lang='grc' dir='ltr'>φόβου</span> <span class='ocrx_word' id='word_1_508' title='bbox 436 4281 445 4313; x_wconf 95' lang='grc'>,</span> <span class='ocrx_word' id='word_1_509' title='bbox 471 4234 502 4297; x_wconf 88' lang='grc' dir='ltr'>δν</span> <span class='ocrx_word' id='word_1_510' title='bbox 527 4231 557 4295; x_wconf 83' lang='grc' dir='ltr'>ἐν</span> <span class='ocrx_word' id='word_1_511' title='bbox 583 4246 619 4318; x_wconf 82' lang='grc' dir='ltr'><strong>τῆ</strong></span> <span class='ocrx_word' id='word_1_512' title='bbox 638 4239 722 4318; x_wconf 73' lang='grc' dir='ltr'>όυχῆ</span> <span class='ocrx_word' id='word_1_513' title='bbox 746 4231 821 4316; x_wconf 84' lang='grc' dir='ltr'>ἔχω,</span> <span class='ocrx_word' id='word_1_514' title='bbox 845 4231 931 4317; x_wconf 89' lang='lat' dir='ltr'><strong>apud</strong></span> <span class='ocrx_word' id='word_1_515' title='bbox 955 4254 1050 4316; x_wconf 92' lang='lat' dir='ltr'><strong>quem</strong></span> <span class='ocrx_word' id='word_1_516' title='bbox 1075 4233 1173 4315; x_wconf 88' lang='lat' dir='ltr'><strong>igitur</strong></span> <span class='ocrx_word' id='word_1_517' title='bbox 1196 4232 1308 4295; x_wconf 88' lang='lat' dir='ltr'><strong>eadem</strong></span> <span class='ocrx_word' id='word_1_518' title='bbox 1333 4232 1505 4297; x_wconf 82' lang='lat' dir='ltr'><strong>verborum</strong></span> <span class='ocrx_word' id='word_1_519' title='bbox 1530 4234 1710 4297; x_wconf 88' lang='lat' dir='ltr'><strong>consecutio</strong></span> <span class='ocrx_word' id='word_1_520' title='bbox 1735 4246 1792 4312; x_wconf 89' lang='lat' dir='ltr'><strong>est,</strong></span> <span class='ocrx_word' id='word_1_521' title='bbox 1824 4230 1951 4310; x_wconf 89' lang='lat' dir='ltr'><strong>deinde,</strong></span> <span class='ocrx_word' id='word_1_522' title='bbox 1976 4229 2031 4313; x_wconf 90' lang='lat' dir='ltr'><strong>qui</strong></span> <span class='ocrx_word' id='word_1_523' title='bbox 2055 4249 2128 4290; x_wconf 93' lang='lat' dir='ltr'><strong>con·</strong></span> 
     </span>
     <span class='ocr_line' id='line_1_36' title="bbox 216 4333 2131 4425; baseline -0.003 -24"><span class='ocrx_word' id='word_1_524' title='bbox 216 4339 333 4402; x_wconf 88' lang='lat' dir='ltr'><strong>sideret</strong></span> <span class='ocrx_word' id='word_1_525' title='bbox 357 4340 459 4404; x_wconf 88' lang='lat' dir='ltr'><strong>verba</strong></span> <span class='ocrx_word' id='word_1_526' title='bbox 475 4335 532 4402; x_wconf 81' lang='lat' dir='ltr'><strong>bai&gt;</strong></span> <span class='ocrx_word' id='word_1_527' title='bbox 549 4349 600 4402; x_wconf 81' lang='grc' dir='ltr'><strong>τοῦ</strong></span> <span class='ocrx_word' id='word_1_528' title='bbox 617 4342 722 4425; x_wconf 71' lang='grc' dir='ltr'>φόβου,</span> <span class='ocrx_word' id='word_1_529' title='bbox 746 4338 839 4402; x_wconf 87' lang='lat' dir='ltr'><strong>facile</strong></span> <span class='ocrx_word' id='word_1_530' title='bbox 864 4337 1043 4415; x_wconf 90' lang='lat' dir='ltr'><strong>adducitur,</strong></span> <span class='ocrx_word' id='word_1_531' title='bbox 1068 4350 1104 4400; x_wconf 93' lang='lat' dir='ltr'><strong>ut</strong></span> <span class='ocrx_word' id='word_1_532' title='bbox 1119 4336 1193 4401; x_wconf 93' lang='lat' dir='ltr'><strong>huic</strong></span> <span class='ocrx_word' id='word_1_533' title='bbox 1210 4339 1462 4424; x_wconf 86' lang='lat' dir='ltr'><strong>interpretationi</strong></span> <span class='ocrx_word' id='word_1_534' title='bbox 1478 4337 1556 4402; x_wconf 92' lang='lat' dir='ltr'><strong>nibil</strong></span> <span class='ocrx_word' id='word_1_535' title='bbox 1573 4338 1659 4402; x_wconf 89' lang='lat' dir='ltr'><strong>aliud</strong></span> <span class='ocrx_word' id='word_1_536' title='bbox 1681 4340 1712 4401; x_wconf 91' lang='lat' dir='ltr'><strong>in</strong></span> <span class='ocrx_word' id='word_1_537' title='bbox 1737 4337 1910 4422; x_wconf 90' lang='lat' dir='ltr'><strong>archetypo</strong></span> <span class='ocrx_word' id='word_1_538' title='bbox 1935 4333 2131 4420; x_wconf 90' lang='lat' dir='ltr'><strong>respondere</strong></span> 
     </span>
     <span class='ocr_line' id='line_1_37' title="bbox 217 4443 922 4531; baseline 0.001 -23"><span class='ocrx_word' id='word_1_539' title='bbox 217 4447 355 4530; x_wconf 87' lang='lat' dir='ltr'><strong>potuisse</strong></span> <span class='ocrx_word' id='word_1_540' title='bbox 381 4459 470 4531; x_wconf 87' lang='lat' dir='ltr'><strong>putet</strong></span> <span class='ocrx_word' id='word_1_541' title='bbox 494 4469 532 4510; x_wconf 88' lang='lat' dir='ltr'><strong>ac</strong></span> <span class='ocrx_word' id='word_1_542' title='bbox 558 4445 677 4529; x_wconf 87' lang='grc' dir='ltr'>δείματι</span> <span class='ocrx_word' id='word_1_543' title='bbox 700 4443 752 4508; x_wconf 88' lang='lat' dir='ltr'><strong>vel</strong></span> <span class='ocrx_word' id='word_1_544' title='bbox 777 4445 922 4527; x_wconf 89' lang='grc' dir='ltr'>δείμασιν.</span> 
     </span>
    </p>

    <p class='ocr_par' dir='ltr' id='par_1_3' title="bbox 217 4545 2133 4830">
     <span class='ocr_line' id='line_1_38' title="bbox 375 4545 2128 4637; baseline -0.005 -20"><span class='ocrx_word' id='word_1_545' title='bbox 375 4552 440 4618; x_wconf 87' lang='lat' dir='ltr'><strong>Sed</strong></span> <span class='ocrx_word' id='word_1_546' title='bbox 466 4575 539 4616; x_wconf 87' lang='lat' dir='ltr'><strong>curn</strong></span> <span class='ocrx_word' id='word_1_547' title='bbox 563 4551 663 4616; x_wconf 89' lang='lat' dir='ltr'><strong>verba</strong></span> <span class='ocrx_word' id='word_1_548' title='bbox 687 4573 814 4637; x_wconf 87' lang='lat' dir='ltr'><strong>prorsus</strong></span> <span class='ocrx_word' id='word_1_549' title='bbox 845 4561 918 4614; x_wconf 91' lang='lat' dir='ltr'><strong>suut</strong></span> <span class='ocrx_word' id='word_1_550' title='bbox 947 4551 1068 4613; x_wconf 85' lang='lat' dir='ltr'><strong>incerta</strong></span> <span class='ocrx_word' id='word_1_551' title='bbox 1099 4549 1248 4636; x_wconf 88' lang='lat' dir='ltr'><strong>nulloque</strong></span> <span class='ocrx_word' id='word_1_552' title='bbox 1279 4561 1372 4636; x_wconf 84' lang='lat' dir='ltr'><strong>paeto</strong></span> <span class='ocrx_word' id='word_1_553' title='bbox 1396 4551 1552 4636; x_wconf 89' lang='lat' dir='ltr'><strong>praebent</strong></span> <span class='ocrx_word' id='word_1_554' title='bbox 1575 4545 1712 4630; x_wconf 85' lang='lat' dir='ltr'><strong>sensum,</strong></span> <span class='ocrx_word' id='word_1_555' title='bbox 1739 4563 1804 4614; x_wconf 88' lang='lat' dir='ltr'><strong>turn</strong></span> <span class='ocrx_word' id='word_1_556' title='bbox 1830 4549 1961 4614; x_wconf 89' lang='lat' dir='ltr'><strong>demum</strong></span> <span class='ocrx_word' id='word_1_557' title='bbox 1984 4567 2128 4612; x_wconf 90' lang='lat' dir='ltr'><strong>necessa·</strong></span> 
     </span>
     <span class='ocr_line' id='line_1_39' title="bbox 220 4637 2133 4744; baseline -0.005 -21"><span class='ocrx_word' id='word_1_558' title='bbox 220 4663 310 4723; x_wconf 90' lang='lat' dir='ltr'><strong>rium</strong></span> <span class='ocrx_word' id='word_1_559' title='bbox 328 4682 396 4721; x_wconf 84' lang='lat' dir='ltr'><strong>esse</strong></span> <span class='ocrx_word' id='word_1_560' title='bbox 421 4658 550 4722; x_wconf 85' lang='lat' dir='ltr'><strong>videtur</strong></span> <span class='ocrx_word' id='word_1_561' title='bbox 582 4657 753 4744; x_wconf 89' lang='lat' dir='ltr'><strong>inquirere,</strong></span> <span class='ocrx_word' id='word_1_562' title='bbox 784 4655 860 4741; x_wconf 92' lang='lat' dir='ltr'><strong>quid</strong></span> <span class='ocrx_word' id='word_1_563' title='bbox 892 4667 987 4741; x_wconf 87' lang='lat' dir='ltr'><strong>ponta</strong></span> <span class='ocrx_word' id='word_1_564' title='bbox 1017 4657 1178 4741; x_wconf 88' lang='lat' dir='ltr'><strong>scripserit</strong></span> <span class='ocrx_word' id='word_1_565' title='bbox 1207 4649 1258 4721; x_wconf 88' lang='lat' dir='ltr'><strong>vel</strong></span> <span class='ocrx_word' id='word_1_566' title='bbox 1290 4658 1408 4742; x_wconf 92' lang='lat' dir='ltr'><strong>optime</strong></span> <span class='ocrx_word' id='word_1_567' title='bbox 1438 4656 1579 4721; x_wconf 88' lang='lat' dir='ltr'><strong>scribere</strong></span> <span class='ocrx_word' id='word_1_568' title='bbox 1606 4659 1742 4738; x_wconf 72' lang='lat' dir='ltr'><strong>potuerit</strong></span> <span class='ocrx_word' id='word_1_569' title='bbox 1772 4640 1899 4719; x_wconf 86' lang='lat' dir='ltr'><strong>dicendi</strong></span> <span class='ocrx_word' id='word_1_570' title='bbox 1921 4637 2039 4739; x_wconf 83' lang='lat' dir='ltr'><strong>genere</strong></span> <span class='ocrx_word' id='word_1_571' title='bbox 2063 4639 2133 4714; x_wconf 86' lang='lat' dir='ltr'><strong>eius</strong></span> 
     </span>
     <span class='ocr_line' id='line_1_40' title="bbox 217 4765 568 4830; baseline 0 -2"><span class='ocrx_word' id='word_1_572' title='bbox 217 4766 365 4830; x_wconf 85' lang='lat' dir='ltr'><strong>videlicet</strong></span> <span class='ocrx_word' id='word_1_573' title='bbox 390 4765 568 4828; x_wconf 82' lang='lat' dir='ltr'><strong>observato,</strong></span> 
     </span>
    </p>

    <p class='ocr_par' dir='ltr' id='par_1_4' title="bbox 377 4870 728 4955">
     <span class='ocr_line' id='line_1_41' title="bbox 377 4870 728 4955; baseline -0.006 -21"><span class='ocrx_word' id='word_1_574' title='bbox 377 4870 512 4934; x_wconf 86' lang='lat' dir='ltr'><strong>Eurnen.</strong></span> <span class='ocrx_word' id='word_1_575' title='bbox 539 4893 568 4932; x_wconf 88' lang='grc' dir='ltr'><strong>ν.</strong></span> <span class='ocrx_word' id='word_1_576' title='bbox 595 4877 658 4932; x_wconf 86' lang='grc'><strong>920</strong></span> <span class='ocrx_word' id='word_1_577' title='bbox 682 4892 728 4955; x_wconf 92' lang='lat' dir='ltr'><strong>sq.</strong></span> 
     </span>
    </p>
   </div>
   <div class='ocr_carea' id='block_1_3' title="bbox 0 0 2369 5556">
    <p class='ocr_par' dir='ltr' id='par_1_5' title="bbox 0 0 2369 5556">
     <span class='ocr_line' id='line_1_42' title="bbox 0 0 2369 5556; baseline 0 0"><span class='ocrx_word' id='word_1_578' title='bbox 0 0 2369 5556; x_wconf 95' lang='lat' dir='ltr'><strong> </strong></span> 
     </span>
    </p>
   </div>
  </div>
 </body>
</html>
