4728 5556
1189 429 1206 483 7

402 628 484 693 ltam
507 627 715 715 perfacillime
739 629 833 696 Eum.
858 654 889 696 v.
916 637 979 696 913
1005 631 1120 714 corrigi
1145 640 1291 715 possunt:

665 751 738 817 ὀδὲ
762 755 805 839 μὴ
830 758 944 838 κίνρσας
968 757 1084 836 βαρέων
1108 757 1219 818 τοίιων

595 947 598 956 .
664 855 721 922 oba
745 857 836 934 οἶδεν,
861 857 935 923 ὅθεν
959 861 1077 946 πληγαὶ
1100 862 1209 942 βιότου.

243 982 285 1052 ll.
310 986 353 1070 μὴ
376 987 493 1066 alapae<
523 985 650 1066 βαρέων.
698 983 864 1062 Versibus,
896 985 952 1070 qui
986 983 1194 1070 praecedunt,
1228 983 1375 1048 Minerva
1404 983 1496 1048 dicit:
1534 984 1603 1048 Hoc
1635 1005 1694 1066 ego
1725 981 1883 1048 benevola
1913 983 2038 1048 civibus
2062 982 2149 1048 hisce

239 1090 344 1155 efficio
366 1091 493 1175 magnis
516 1100 549 1154 et
572 1083 828 1175 implacabilibus
852 1089 976 1155 deabus
1000 1089 1051 1154 hic
1082 1089 1241 1155 domicilio
1265 1092 1444 1154 constituto.
1493 1089 1552 1153 His
1576 1091 1660 1154 enim
1684 1111 1793 1153 ornnes
1817 1089 1961 1154 fortunae
1987 1087 2150 1153 homiuum

240 1196 404 1281 regendae
428 1196 523 1260 datae
546 1207 620 1260 sant
646 1197 720 1282 „qui
744 1219 860 1280 graves
883 1194 941 1261 has
965 1196 1026 1261 sibi
1042 1219 1105 1261 non
1121 1195 1348 1276 conciliaverit,
1373 1195 1460 1260 haud
1477 1195 1662 1280 intellegere
1686 1195 1775 1274 solet,
1801 1194 1887 1259 unde
1911 1195 1997 1260 vitae
2021 1195 2150 1259 calami·

241 1315 324 1368 tates
347 1301 407 1367 sibi
430 1302 608 1367 accidant.“
657 1303 728 1368 Non
759 1304 875 1368 iniuria
907 1324 1016 1368 omnes
1045 1305 1076 1368 in
1107 1301 1156 1367 his
1187 1302 1312 1368 dnobus
1343 1301 1490 1368 versibus
1523 1301 1725 1366 ollendernut
1755 1299 1901 1380 editores,
1936 1323 2007 1366 cum
2041 1297 2151 1387 procul

242 1409 341 1474 dubio
364 1411 521 1473 sententia
544 1410 599 1474 sit:
630 1411 812 1496 quicunqne
835 1409 934 1474 furias
958 1433 1018 1474 non
1043 1411 1139 1475 ltrerit
1161 1419 1312 1495 expertus
1336 1408 1428 1472 mites
1451 1417 1483 1472 ct
1505 1420 1698 1487 mansuetas,
1723 1407 1778 1472 sed
1804 1408 1907 1492 potius
1937 1407 2047 1486 iratas,
2078 1429 2151 1472 eum

243 1516 333 1580 malis
349 1514 488 1580 obruunt
503 1516 639 1580 inscium
654 1516 953 1603 necopinatumque.
1000 1515 1095 1581 Duae
1119 1528 1185 1581 tum
1210 1527 1376 1579 ramanent
1391 1512 1611 1578 difficultates:
1641 1525 1697 1578 aut
1720 1512 1877 1600 particula
1898 1516 1940 1598 pt,
1965 1525 2021 1578 ant
2036 1515 2152 1598 βαρέων

241 1624 419 1688 sententiae
442 1633 610 1708 repugnat.
657 1619 752 1702 Quod
776 1623 889 1686 attinet
912 1622 954 1687 ad
978 1623 1242 1690 constructionem
1265 1620 1437 1686 verborum
1461 1619 1687 1706 explicandam
1710 1642 1772 1684 non
1796 1619 1977 1699 defuerunt,
2001 1621 2057 1704 qui
2081 1617 2098 1684 ὁ
2119 1621 2153 1685 δὲ

241 1731 286 1814 μὴ
310 1731 427 1812 κὺρσας
442 1726 587 1792 absolute
611 1728 732 1792 dictum
755 1751 825 1793 esse
849 1740 1025 1806 censerent,
1049 1742 1085 1792 nt
1108 1731 1224 1813 βαρέων
1241 1729 1350 1791 τουτων
1373 1727 1559 1812 iungeretur
1583 1748 1655 1790 cum
1679 1725 1796 1813 πληγαί
1811 1728 1919 1808 βιότου,
1944 1748 2008 1813 qna
2030 1728 2154 1792 ratione

242 1833 423 1898 adhibitum
448 1835 503 1897 vix
526 1835 663 1898 inveniri
687 1844 773 1920 puto.
820 1834 935 1920 Itaque
958 1833 1028 1899 aliis
1053 1835 1250 1920 aptissimum
1276 1835 1379 1897 visum
1404 1844 1451 1897 est
1474 1829 1542 1896 ὁδὲ
1558 1835 1601 1917 μὴ
1619 1835 1735 1916 κίιρσας
1750 1837 1854 1916 aptus
1871 1835 1980 1895 rubrus
1997 1834 2150 1919 recipere,

243 1940 298 2004 alii
321 1939 543 2004 difficultatem
566 1941 701 2025 positam
725 1961 794 2004 esse
818 1942 989 2026 opinantur
1009 1942 1044 2004 in
1067 1962 1162 2004 versu
1184 1940 1375 2024 insequenti,
1399 1940 1430 2002 in
1455 1960 1518 2024 quo
1542 1939 1716 2004 excidisset
1738 1937 1885 2017 verbum,
1910 1950 1943 2003 et
1965 1937 2151 2025 paroimiaci

243 2045 431 2110 restituendi
461 2069 560 2110 causa
589 2048 804 2110 coniecturam
839 2046 976 2111 afferunt
1002 2041 1219 2130 irpoctrrarenu
1265 2044 1319 2124 At,
1350 2057 1386 2110 ut
1412 2043 1520 2109 Weilii
1542 2045 1651 2109 verbis
1675 2054 1757 2121 utar,
1788 2046 1893 2108 minus
1916 2044 2000 2110 beno
2024 2044 2151 2110 ordines

242 2154 464 2238 anapaesticos
480 2153 658 2219 diviserunt
671 2175 776 2239 neque
793 2175 920 2218 omnem
936 2153 1171 2238 compositionis
1187 2163 1287 2216 artam
1304 2160 1545 2236 perspexerunt.
1586 2149 1824 2214 Heimsoethins
1839 2161 1999 2236 postremo
2023 2150 2152 2215 dicendi

246 2280 386 2322 errorem
409 2280 479 2323 esse
502 2271 590 2322 ratus
606 2257 715 2324 scribit
738 2262 883 2342 θεράπων
907 2262 1034 2340 retrusa,
1059 2271 1124 2324 tam
1148 2258 1241 2322 facile
1263 2279 1314 2322 res
1337 2255 1483 2343 expediri
1506 2258 1627 2344 nequit.
1675 2257 1793 2322 Dicant
1812 2256 1956 2337 fortasse,
1981 2259 2037 2344 qui
2060 2260 2153 2322 istam

247 2362 422 2428 defendunt
437 2367 637 2450 scripturam,
661 2363 749 2453 quod
771 2377 894 2431 rectum
911 2364 1105 2430 vccabulum
1127 2362 1264 2429 librariis
1287 2384 1356 2428 asae
1379 2385 1441 2427 nou
1458 2361 1624 2427 videretur
1647 2373 1702 2428 aut
1724 2362 1809 2449 quod
1831 2384 1896 2428 non
1919 2363 2154 2447 intellegerent,

243 2492 298 2536 eos
322 2471 505 2538 mutavisse.
552 2473 605 2552 At,
630 2469 747 2552 hercle,
772 2473 889 2555 βαρέων
912 2494 979 2537 vox
994 2482 1059 2536 tam
1076 2493 1149 2535 rara
1165 2491 1226 2534 nou
1244 2479 1301 2548 est,
1325 2479 1361 2534 nt
1376 2467 1463 2533 haud
1480 2467 1610 2534 difficile
1625 2469 1800 2556 permutari
1815 2471 1964 2555 potuerit,
1989 2470 2152 2556 aptissima

244 2599 321 2641 vero
343 2577 433 2640 furiis
457 2575 652 2643 attribuitur.
698 2577 771 2663 lpse
793 2577 827 2642 id
849 2577 935 2664 quod
961 2576 1004 2642 bl.
1029 2577 1127 2642 tradit
1149 2573 1324 2640 tenendum
1340 2597 1409 2640 esse
1433 2597 1547 2640 censeo
1564 2577 1643 2640 etin
1660 2575 1767 2640 verbis
1782 2571 1799 2640 ὁ
1816 2575 1849 2638 δὲ
1866 2577 1909 2661 μὴ
1933 2577 2047 2640 vitium
2071 2575 2152 2662 posi·

243 2694 313 2746 tum
336 2703 405 2745 esse
429 2695 516 2766 puto.
564 2680 624 2744 ΜΗ
650 2681 695 2746 nil
718 2682 805 2747 aliud
829 2695 878 2748 est
899 2705 997 2770 quam
1013 2674 1077 2748 ΜΗ
1101 2681 1176 2747 olim
1199 2682 1353 2768 scriptum
1376 2703 1448 2746 cum
1473 2679 1597 2762 lineola,
1621 2703 1686 2768 qua
1709 2677 1861 2746 litteraN
1885 2683 1917 2746 iu
1941 2679 2030 2746 libris
2054 2681 2152 2766 signi·

244 2788 359 2852 ficatur
381 2789 529 2874 antiquis,
555 2787 640 2873 quod
664 2787 769 2854 adhuc
794 2791 1021 2855 animadvertit
1043 2811 1146 2854 neme.
1194 2787 1303 2876 Suppl.
1328 2811 1358 2854 v.
1386 2795 1447 2852 198
1472 2788 1505 2851 in
1521 2786 1564 2854 M.
1582 2785 1700 2873 legitur
1722 2790 1755 2850 τὸ
1772 2789 1815 2872 μὴ
1832 2791 1959 2871 μάταιον
1977 2785 2013 2850 ἐκ
2029 2791 2157 2873 perettus

246 2899 407 2981 supportas
430 2914 459 2958 κ.
485 2917 509 2960 τ.
535 2894 575 2975 λ,
605 2895 662 2959 ubi
692 2898 821 2981 ρετιίπυ
853 2895 932 2960 nibil
960 2897 1022 2962 nisi
1052 2895 1225 2982 ρετιίιπῶβ)
1256 2917 1327 2960 esse
1356 2905 1471 2981 potest.
1520 2895 1658 2979 Pignore
1694 2893 1912 2959 contenderim
1944 2900 2003 2982 ρήν
2031 2917 2088 2980 pro
2113 2899 2155 2981 pri

245 3009 374 3086 recepto
404 3001 593 3086 scripturam
627 3003 801 3085 genuinam
831 3025 901 3068 esee
933 3004 1123 3068 restitutam.
1170 3001 1270 3067 Cuius
1293 3000 1470 3089 particulae
1497 3001 1622 3065 varium
1647 3023 1740 3066 usum
1764 3023 1801 3066 eo
1825 3000 1932 3066 redire
1955 3009 2086 3080 constat,
2123 3013 2158 3065 ut

246 3129 297 3171 res
312 3105 420 3193 aliqua
443 3107 611 3172 manifesta
634 3107 830 3192 significetur
853 3111 966 3197 visque
988 3109 1042 3174 vel
1064 3111 1158 3174 unius
1181 3107 1284 3188 verbi,
1308 3109 1360 3172 cui
1384 3106 1569 3173 adiunctum
1594 3117 1652 3186 ost,
1675 3107 1729 3172 vel
1745 3109 1840 3172 totius
1856 3107 2034 3173 sententiae
2058 3129 2155 3191 urge·

246 3221 330 3276 atur.
374 3210 459 3275 Turn
482 3235 545 3276 non
569 3223 627 3293 est,
650 3235 708 3278 cnr
730 3214 930 3280 offendamus
953 3217 985 3280 in
1002 3217 1128 3299 βαρὲιυν,
1153 3213 1341 3298 significatio
1358 3216 1475 3300 optime
1492 3214 1668 3278 sententiae
1684 3235 1836 3278 versuum
1856 3213 2028 3302 respondet
2044 3237 2152 3299 neque

245 3339 320 3381 cum
343 3317 530 3383 Hermanno
552 3319 699 3384 lacunam
723 3332 900 3386 statuamus
924 3343 1053 3386 neceam
1076 3332 1132 3388 est
1176 3321 1341 3384 Postremo
1365 3319 1441 3384 mihi
1465 3331 1629 3404 praestare
1652 3319 1781 3386 ridetur
1796 3342 1853 3406 pro
1869 3317 1885 3384 ὁ
1903 3319 1936 3384 δὲ
1953 3325 2012 3407 μήν
2032 3357 2070 3368 -
2088 3317 2105 3383 ὅ
2122 3341 2156 3399 γε

246 3427 306 3509 μήν
335 3445 499 3508 reponere,
531 3447 615 3512 qaae
638 3427 844 3492 usitatissima
865 3426 1094 3514 particularum
1117 3427 1296 3492 coniunctio
1320 3435 1377 3492 ost.
1423 3426 1528 3490 Prom.
1559 3449 1591 3492 v.
1619 3434 1680 3492 871
1708 3437 1823 3510 σπορᾶς
1846 3449 1880 3508 γε
1903 3430 1963 3512 μὴν
1986 3427 2022 3490 ἐκ
2044 3439 2100 3514 τῆς
2124 3425 2159 3490 δὲ

247 3531 371 3614 poeste.
393 3533 524 3614 θρααίς,
550 3529 563 3620 ll
588 3531 698 3604 τόξοισι
721 3532 841 3606 κλεινὸς
870 3554 901 3600 κ.
925 3557 950 3600 τ.
976 3533 1004 3596 λ.
1030 3546 1062 3597 οι
1084 3532 1172 3619 Sept.
1198 3541 1293 3618 1062,
1317 3535 1353 3597 eb
1368 3554 1402 3612 ‘l‘
1426 3534 1486 3618 μὴν
1510 3531 1632 3596 πολλῶν
1655 3535 1858 3620 πενθητήρων
1881 3531 1983 3604 retest.
2041 3531 2158 3618 Itaque

246 3631 453 3699 scribendum
476 3659 607 3702 censeo:
631 3635 697 3718 ὅγε
722 3642 782 3724 μὴν
805 3641 922 3723 κίροας
945 3641 1062 3723 βαρέων
1084 3642 1196 3704 rubrus
1219 3636 1274 3704 οίικ
1298 3637 1391 3720 οἶδεν,
1415 3636 1490 3702 ὅθεν
1514 3640 1631 3726 πληγαί
1647 3641 1758 3723 βιότου,
1785 3641 1840 3726 qui
1863 3639 1994 3725 quidem
2019 3661 2074 3703 eas
2097 3639 2158 3704 sibi

248 3739 378 3806 inl'estas
401 3740 553 3824 reddidit,
576 3743 663 3810 unde
687 3743 821 3810 fulmina
843 3747 931 3810 vitae
955 3745 1112 3830 (veniant)
1135 3747 1266 3811 nescit.“

405 3863 566 3930 Nonnulla
586 3866 705 3932 menda
728 3891 746 3932 e
770 3871 920 3933 continua
943 3869 1109 3957 archetypi
1133 3871 1289 3956 scriptura
1312 3881 1382 3935 orta
1405 3880 1488 3950 sunt,
1524 3878 1560 3934 ut
1582 3867 1695 3934 litteris
1719 3866 1832 3932 iisdem
1856 3869 1889 3930 in
1912 3866 1976 3931 alia
2000 3866 2159 3933 vocabula

248 3965 425 4034 distributis
449 3991 492 4034 ex
516 3971 662 4038 absurdis
684 3972 737 4039 vel
761 3997 855 4040 sensu
879 3975 1063 4040 carentibus
1085 3999 1197 4042 versus
1220 3974 1361 4040 evadant
1384 3977 1506 4063 optimi.
1553 3977 1640 4042 Pers.
1668 3982 1727 4042 161
1755 3995 1801 4062 sq.
1826 3997 1856 4036 v.

672 4101 726 4161 καί
750 4121 786 4184 ps
810 4098 942 4182 καρδίαν
966 4097 1094 4186 dubecas
1116 4105 1247 4186 φροντίς·
1272 4095 1304 4173 ἐς
1328 4098 1356 4162 δ’
1369 4097 1449 4187 ίιρᾶς
1473 4099 1533 4184 ἐριῐι

673 4206 774 4288 μῦθον
797 4201 939 4290 οὐδαμῶς
963 4203 1096 4292 ἐμαυτῆς
1119 4203 1182 4270 obc’
1206 4204 1398 4290 ἀδείμαντος,
1422 4207 1517 4292 φίλοι,

674 4311 717 4395 μὴ
742 4313 836 4394 μένας
860 4311 975 4397 δαίμων
997 4315 1121 4383 κονίσας
1144 4309 1236 4384 οὖδας
1261 4310 1391 4396 ἀντρέψῃ
1415 4311 1483 4374 ποδί

673 4415 774 4498 ὄλβον,
799 4418 831 4481 ὃν
855 4416 985 4501 Δαρεῖος
1008 4415 1081 4506 ἦρεν
1104 4415 1160 4483 οὐκ
1183 4417 1253 4482 ἄνευ
1275 4422 1358 4481 θεῶν
1383 4439 1469 4490 τινος·

675 4519 718 4588 Μ.
743 4519 919 4607 &deiparae

251 4638 353 4714 „Nam
377 4662 485 4706 meum
508 4663 636 4729 quoque
653 4647 795 4711 animum
811 4657 910 4712 vexat
933 4646 1110 4712 sollicitudo
1134 4660 1166 4714 et
1190 4647 1290 4712 verba
1313 4647 1355 4712 ad
1372 4671 1429 4714 vos
1452 4648 1569 4714 faciam
1591 4651 1777 4735 neutiquam
1803 4647 1844 4713 de
1867 4672 1918 4714 me
1941 4651 2012 4736 ipsa
2035 4673 2158 4730 secura,

250 4746 353 4824 amici,
377 4751 418 4811 ne
441 4747 521 4812 forte
546 4773 664 4832 magna
687 4750 739 4814 illa
771 4751 934 4837 opulentia
963 4752 1109 4818 celeriter
1131 4755 1283 4818 festinans
1306 4753 1491 4818 felicitatem
1516 4771 1654 4840 proruat,
1689 4777 1788 4839 quam
1813 4754 1939 4820 Dareus
1963 4759 2069 4822 erexit
2092 4779 2155 4820 non

250 4850 318 4912 sine
334 4850 387 4915 dei
402 4852 536 4918 alicuius
552 4855 703 4920 anxilic.“
730 4857 886 4922 Versibus
902 4858 1168 4944 praecedentibus
1184 4859 1309 4940 chorus,
1326 4861 1382 4944 qui
1401 4871 1524 4924 constat
1544 4883 1562 4924 e
1582 4859 1779 4948 principibus
1795 4863 1873 4926 viris
1889 4882 2077 4947 summoque
2091 4861 2160 4926 loco

250 4956 333 5019 natis
357 4976 430 5022 cnm
447 4961 539 5024 annis
554 4973 621 5026 tum
639 4961 795 5046 dignitate
812 4963 1060 5046 venerabilibus,
1086 4967 1253 5031 universae
1270 4967 1374 5052 gentis
1391 4965 1539 5030 Persicae
1556 4987 1709 5051 pavorem
1725 4979 1757 5032 et
1772 4967 1892 5032 luctum
1909 4969 2070 5054 exprimit.
2109 4967 2159 5032 De
