4728 5556
1182 377 1202 440 4

1086 461 1299 478 Μ

238 581 368 650 nomina
382 583 612 670 geographiam
637 587 719 653 utin
737 585 822 652 Pers.
841 593 915 667 817,
932 585 988 651 ubi
1005 585 1122 664 Graeci
1138 587 1287 666 dicuntur
1303 585 1401 672 Δωρίς
1417 587 1529 676 λόγχη,
1554 587 1595 656 de
1612 587 1766 664 militibus
1783 587 1982 682 Graecorum
1998 587 2138 674 lsaslatis,

238 699 270 754 et
293 689 420 772 Persae,
451 714 531 779 quos
560 694 740 778 sagittarios
770 693 945 760 maximam
974 694 1071 760 fuisse
1095 704 1217 780 partem
1241 705 1373 772 constat,
1402 695 1512 769 τοξικοί
1535 694 1587 762 vel
1612 695 1830 782 τοξοδάμαντές
1854 695 1878 760 τ’
1904 692 1953 782 ἠδ’
1978 694 2137 780 ἱπποβάται

236 819 267 859 v.
294 803 333 860 26
358 820 379 862 a
408 809 502 885 poeta
532 799 742 886 appellantur,
774 799 816 864 ad
844 799 930 888 quod
961 799 1102 865 conferas
1132 825 1163 866 v.
1196 809 1248 883 86,
1279 824 1342 888 quo
1373 801 1441 868 loeo
1472 803 1590 868 Persae
1620 813 1821 892 opponuntur
1854 802 2003 868 Graecis:
2034 802 2140 886 ἐπάγει

236 901 444 986 ι’,ουριιιλότοις
468 903 595 991 ἀνδράσι
616 906 797 992 τοξόδαμνον
819 905 902 995 Ἄρη
927 916 959 972 et
982 931 1012 971 v.
1039 915 1101 974 278
1126 903 1211 972 ουδὲν
1227 911 1285 992 γὰρ
1310 909 1399 996 ἤρκει
1421 909 1501 984 τόξα,
1532 919 1593 982 πᾶς
1617 905 1782 974 ἀπώλλυτο
1806 915 1943 993 στρατός,
1972 910 2017 974 ita
2040 912 2137 976 etiam

235 1007 293 1088 his,
318 1010 359 1076 de
382 1012 499 1098 quihus
523 1015 629 1098 agitur
652 1014 797 1080 versibus
820 1013 990 1079 Persarum
1013 1014 1193 1079 nominatur
1216 1019 1376 1080 exereitus
1395 1016 1480 1088 τόξου
1504 1011 1586 1102 ῥῦμα
1610 1026 1643 1080 et
1664 1014 1780 1080 Graeci
1806 1015 1992 1101 δορυιιράνου
2015 1016 2137 1103 λόγχης

233 1112 333 1202 ἱσχίις,
357 1118 389 1181 id
413 1119 499 1205 quod
522 1120 586 1184 iam
611 1120 837 1187 animadvertit
866 1113 1049 1199 scholiasta:
1075 1119 1103 1186 ol
1126 1125 1253 1207 μὲνγὰρ
1270 1121 1386 1206 Πέρσαι
1409 1121 1534 1203 τοξόται,
1559 1119 1589 1186 ol
1610 1122 1643 1186 δὲ
1659 1121 1829 1208 Ἀθηναῖοι
1845 1122 2041 1210 λογχοφόροι,
2065 1125 2082 1188 ὃ
2103 1123 2136 1186 δὲ

234 1221 314 1303 λέγει
338 1223 399 1289 ἐστὶ
422 1235 547 1291 τοιοῦτο·
572 1225 634 1311 ἆρα
650 1224 677 1292 οἱ
694 1226 809 1312 Πέρσαι
833 1225 975 1314 ἐνίκησαν
997 1230 1067 1300 τοὺς
1081 1227 1274 1314 Ἀθηναίους
1298 1226 1362 1316 ἣοὶ
1377 1227 1545 1314 Ἀθηναῖοι
1568 1231 1638 1300 τοὺς
1662 1227 1803 1312 Πέρσαςς
1825 1228 1996 1294 scholiasta
2017 1241 2135 1311 autem,

232 1332 289 1416 qui
310 1330 397 1398 hunc
413 1332 598 1400 elocutionis
614 1335 782 1402 circuitum
799 1334 961 1422 explicare
984 1333 1090 1418 vellet,
1114 1357 1211 1422 supra
1234 1335 1319 1408 τόξου
1342 1333 1423 1422 ῥῦμα
1446 1336 1571 1422 scripsit
1586 1339 1673 1415 γένος
1689 1333 1847 1422 ἡμέτερον,
1864 1357 1967 1419 genus
1982 1346 2135 1416 nostruin,

231 1439 252 1502 i.
277 1461 305 1507 e.
330 1440 494 1506 Persicum
518 1441 571 1507 vel
594 1464 694 1526 genus
719 1465 838 1520 eorum,
863 1443 919 1529 qui
941 1442 1111 1530 loquimur,
1136 1465 1209 1506 cum
1232 1441 1347 1508 chorus
1371 1452 1493 1508 constet
1509 1465 1526 1507 e
1542 1441 1672 1508 senibus
1688 1442 1870 1507 Persarum.
1915 1442 2006 1508 Idem
2030 1465 2136 1526 gram-

232 1548 365 1612 maticus
381 1548 585 1635 Δαρειογενής
601 1549 864 1636 interpretaturus
888 1551 1013 1637 scripsit
1035 1550 1090 1619 sab
1112 1548 1172 1614 hoc
1188 1549 1395 1614 vocabulum:
1421 1553 1454 1614 τό
1470 1551 1688 1636 πατρονόμιον,
1713 1547 1784 1628 hac,
1808 1559 1844 1614 ut
1867 1550 1988 1636 opinor,
2012 1551 2135 1615 ratione

231 1654 355 1740 (rerba,
387 1677 471 1743 quae
497 1656 687 1744 interpolata
710 1657 827 1738 iudico,
852 1656 1170 1722 litteris'seribuntur
1194 1657 1333 1738 iniustis,
1359 1667 1393 1721 ut
1416 1657 1520 1742 magis
1543 1656 1606 1720 sint
1630 1655 1834 1743 conspicua):

654 1792 720 1854 πῶς
743 1779 804 1865 ἄρα
828 1786 955 1867 πράσσει
979 1780 1095 1868 Ξέρξης
1118 1782 1260 1864 βασιλεὺς

653 1887 870 1975 Δαρειογενηςς

650 1999 685 2060 τὸ
707 1997 924 2080 πατρωνυμιον·
1085 1998 1171 2076 γένος
1195 1993 1352 2081 ἡμέτερον·

651 2107 774 2187 πότερον
1085 2100 1169 2174 τόξου
1195 2097 1276 2187 ῥῦμα
1298 2104 1331 2166 τό
1355 2111 1444 2164 νικῶν

651 2206 882 2295 ἢδορυιιράνου

651 2315 771 2402 λόγχης
792 2313 881 2402 ἰσχὺς
904 2321 1110 2404 ιιτιιράτηιιτνς

386 2450 483 2515 Putat
506 2451 590 2515 enim
614 2447 818 2536 Δαρειογενής
841 2450 1097 2537 patronymicum
1117 2471 1186 2514 osse
1202 2448 1310 2515 Darei.
1356 2449 1438 2514 Nam
1454 2451 1664 2535 πατρονόμιος
1688 2448 1772 2536 apud
1797 2449 2023 2534 grammaticos
2047 2449 2131 2514 idern

229 2567 285 2641 cst
308 2556 395 2643 quod
418 2562 659 2642 πατρωνυμιιός,
684 2556 724 2622 de
748 2578 813 2644 qua
835 2579 870 2622 re
894 2555 934 2622 cf.
960 2555 1105 2622 Ettstath.
1130 2556 1319 2640 παρεκβολαὶ
1342 2555 1387 2642 (p.
1413 2563 1465 2624 10.
1491 2555 1563 2633 iol:
1589 2556 1709 2636 λέγουσι
1731 2558 1788 2640 γάρ
1802 2557 1858 2639 (sc.
1876 2553 1905 2621 οἱ
1919 2555 2060 2640 παλαιοί)
2083 2559 2132 2620 τόν

226 2659 370 2751 Ὅμηρον
393 2666 437 2749 μη
461 2667 659 2749 σχηματίζειν
689 2661 749 2728 άπὸ
779 2668 903 2728 πάππου
932 2666 1155 2748 πατρωνυμίαν,
1187 2659 1214 2726 εἰ
1237 2665 1280 2749 μὴ
1304 2659 1320 2726 ὁ
1343 2666 1466 2734 πάππος
1490 2658 1584 2734 εὐθὺς
1606 2661 1655 2750 εἴη
1687 2662 1759 2735 Διὸς
1782 2659 1854 2735 υἱός.
1878 2672 1911 2726 et
1933 2660 2028 2748 paulo
2051 2661 2141 2728 iufra

101 2815 106 2822 -
228 2767 273 2857 (p.
300 2769 425 2856 11.1e)
449 2768 585 2835 ἐνταῦθα
608 2768 625 2835 ὁ
648 2779 699 2836 τοῦ
723 2769 868 2854 Ὀρέστου
897 2775 1022 2844 πάππος
1052 2769 1181 2854 Ἀτρεὺς
1209 2765 1265 2833 οὐκ
1296 2765 1390 2841 etate
1420 2766 1457 2832 ἐκ
1479 2766 1560 2840 Διὸς·
1593 2769 1638 2832 διὸ
1665 2763 1736 2832 οὐδὲ
1766 2764 1912 2841 ἐξαύτοῦ
1937 2777 1979 2852 τῷ
2002 2766 2133 2854 Ὀρέστη

227 2877 310 2942 ἔσται
341 2881 605 2964 πατρωνυμία.
654 2877 775 2944 Infeliei
800 2901 877 2944 casa
900 2879 1027 2959 accidit,
1051 2887 1087 2941 ut
1114 2877 1316 2961 grammatici
1340 2875 1440 2940 verba
1462 2885 1579 2961 puncto
1607 2876 1722 2938 omisso
1749 2873 1923 2940 cohaerere
1948 2874 2134 2941 viderentur

227 2984 377 3072 istudque
399 3006 512 3050 versus
534 2995 710 3050 monstrum
726 2996 885 3072 parerent.
925 2983 1021 3066 Quod
1036 2983 1206 3048 scholiasta
1221 2988 1254 3048 τὸ
1269 2985 1476 3067 πατρονόμιυν
1500 2981 1737 3066 interpretatur,
1763 2980 1883 3046 nullius
1899 2982 2051 3045 momenti
2075 2992 2131 3060 est,

224 3114 300 3157 cam
331 3091 411 3158 haec
441 3100 477 3157 ut
506 3090 608 3157 multa
638 3091 702 3157 alia
731 3115 751 3156 a
780 3093 944 3158 recentiore
973 3091 1182 3177 grammatico
1212 3091 1402 3176 scripturam
1431 3087 1656 3174 interpolatam
1689 3085 1871 3174 explicante
1892 3085 2038 3174 'profecta
2060 3089 2131 3152 sint.

228 3195 394 3286 [Similiter
417 3197 506 3285 Sept.
523 3223 555 3264 v.
574 3207 635 3265 125
660 3221 810 3264 numerus
834 3195 1136 3286 ρίυνοίίσδορυσόοις
1156 3207 1267 3278 σαγαῖς
1283 3195 1484 3281 explanatur,
1508 3195 1565 3259 ubi
1588 3195 1656 3259 sine
1681 3193 1746 3258 ulla
1770 3192 1972 3259 dubitatione
1993 3193 2132 3259 scriben-

227 3305 303 3370 ‹lum
329 3316 377 3372 est
399 3306 535 3390 δορυσόιρ
559 3303 663 3395 ocra]

384 3421 531 3488 Forsitan
554 3423 625 3508 quis
649 3421 811 3503 obiecerit,
836 3423 952 3486 mirum
968 3445 1047 3502 esse,
1071 3420 1158 3507 quod
1180 3419 1241 3484 hoc
1263 3417 1421 3502 glossema
1445 3441 1506 3481 non
1531 3416 1710 3502 appositum
1734 3417 1775 3479 sit
1798 3415 1838 3478 ad
1862 3437 1893 3482 r.
1919 3420 1948 3497 6,
1972 3436 2035 3500 quo
2058 3413 2127 3478 loco

227 3527 428 3614 Δαρειογενής
451 3528 629 3614 explicatur
651 3526 783 3613 Δαρείου
806 3526 878 3602 υἱός.
924 3528 968 3594 At
991 3526 1190 3614 interpolatio
1214 3533 1361 3591 versus6
1386 3535 1418 3589 et
1440 3523 1530 3604 haec,
1554 3523 1596 3588 de
1619 3545 1684 3609 qua
1707 3521 1823 3606 agitur,
1848 3543 1951 3608 usque
1973 3520 2129 3586 recedunt

226 3635 268 3701 ad
291 3651 435 3722 tempora
458 3634 759 3718 Alexandrinorum,
784 3659 864 3722 quos
887 3635 1013 3701 scholiis
1037 3637 1174 3699 tironum
1198 3633 1387 3698 institutioni
1410 3629 1535 3695 fabulas
1558 3629 1733 3694 illustrasse
1756 3629 1883 3694 scimus.
1931 3627 1973 3692 Et
1996 3649 2069 3692 cum
2093 3629 2129 3707 is,

225 3743 279 3830 qui
303 3740 420 3806 scholia
438 3742 470 3805 in
487 3743 632 3826 margine
656 3740 774 3806 codicis
793 3741 835 3807 M.
854 3742 989 3829 scripsit,
1015 3743 1099 3806 iusta
1122 3763 1221 3805 causa
1244 3741 1437 3818 inversus,
1462 3737 1580 3823 quippe
1597 3737 1652 3821 qui
1669 3734 1747 3800 nihil
1763 3733 1960 3800 difficultatis
1983 3732 2128 3812 haberet,

224 3873 286 3915 non
311 3846 497 3929 offenderet,
522 3847 602 3913 haec
625 3847 728 3913 verba
742 3850 940 3914 οοίαοίὶοοίιαί
954 3849 1154 3932 grammatici
1178 3849 1242 3910 iam
1265 3849 1298 3911 in
1322 3867 1422 3909 sunum
1438 3843 1571 3908 confusa
1585 3843 1708 3906 invenit
1724 3839 1765 3906 ob
1782 3863 1919 3927 eamque
1941 3862 2009 3904 rem
2033 3840 2130 3904 inter·

225 3966 367 4043 prelatas
392 3963 449 4019 est.
496 3953 561 4020 Iste
585 3976 662 4040 crgo
685 3977 796 4019 versus
820 3955 973 4019 radicitus
996 3953 1151 4019 delendus
1175 3965 1231 4018 est.

892 4087 1062 4154 Eumenid.
1085 4112 1117 4154 v.
1142 4095 1237 4154 1-9.

647 4215 773 4298 Πρῶτον
798 4217 852 4300 μέν
876 4209 955 4300 είνχη
979 4215 1050 4300 τηδε
1073 4215 1228 4297 πρεσβεία)
1252 4214 1334 4274 heroa

642 4325 696 4406 την
720 4327 926 4407 πρωτόμαντιν
951 4319 975 4384 Γ
977 4330 1058 4384 αῖαν·
1083 4317 1119 4384 ἐκ
1143 4321 1176 4383 δὲ
1199 4332 1254 4407 της
1276 4317 1378 4403 Θέμιν,

646 4427 667 4516 ἣ
691 4429 729 4514 δὴ
753 4432 787 4492 τό
810 4431 926 4515 μητρὸς
949 4427 1074 4512 δευτέρα
1098 4424 1159 4490 τόδ’
1183 4425 1265 4499 ἔξετυ

648 4544 797 4619 μαντεῖον,
821 4530 863 4606 ὡς
886 4534 978 4614 λόγος
1001 4555 1055 4606 τις·
1087 4531 1118 4598 ἐν
1141 4533 1174 4596 δέ
1197 4543 1238 4614 τῷ
1261 4534 1351 4615 τρίτῳ

645 4639 748 4726 λάχει,
772 4640 936 4728 θελοίισης,
960 4635 1031 4704 οὐδὲ
1054 4643 1130 4724 πρὸς
1152 4639 1219 4721 βίαν
1242 4643 1331 4720 τινός,

648 4745 770 4820 Τιτανὶς
793 4745 886 4834 ἄλλη,
910 4758 983 4819 παῖς
1007 4746 1139 4822 Χθονός,
1163 4747 1326 4818 καθέζετο,

648 4852 761 4940 Φοίβη·
788 4853 892 4918 δίδωσι
916 4851 942 4916 δ’
967 4853 987 4939 ἢ
1010 4853 1168 4933 γενέθλιον
1194 4851 1274 4915 δόσιν

650 4957 823 5048 Φοίβμτὸ
846 4957 969 5048 Φοίβης
994 4957 1021 5020 δ’
1044 4956 1127 5046 ὄνομ’
1151 4957 1219 5044 ἔχει
1241 4957 1431 5042 παρώνυμον.
