4728 5556
1091 415 1305 506 A...

232 633 293 702 sed
322 657 391 698 eam
427 633 557 704 omnino
588 635 718 720 respuit,
746 634 806 702 'ita'
831 645 899 700 sese
934 636 1031 700 animi
1064 639 1203 722 impetus
1236 645 1268 701 et
1291 631 1648 722 ¹cupiditates·{semper
1679 631 1844 699 reflexisse
1876 643 1908 699 et
1929 633 2149 721 ·‘veluptatem

233 765 274 807 ex
299 728 398 806 altero
422 742 492 805 viro
515 740 674 826 respuisse
698 724 852 826 gloriatur
876 741 990 808 mulier
1019 742 1212 828 impudica.“
1261 741 1429 830 Expressit
1457 753 1563 806 autem
1589 750 1684 827 poeta
1707 763 1810 806 mores
1834 739 1998 806 hominnm
2029 743 2146 828 impro-

236 847 358 927 borum,
383 847 438 932 qui
462 846 579 933 quibus
602 845 687 912 vitiis
712 844 868 930 laborant,
892 849 931 913 iis
955 849 1096 914 maxime
1120 871 1155 914 se
1178 851 1335 914 immunes
1359 849 1479 913 iactare
1503 847 1613 912 solent.

390 951 516 1033 Quibus
539 955 570 1017 in
593 945 777 1018 uuiversum
802 955 955 1042 expositis
978 953 1063 1020 locos
1087 953 1165 1020 alies
1193 953 1359 1042 quosdam,
1391 955 1446 1042 qni
1468 953 1545 1018 mihi
1571 953 1813 1039 diligentissime
1843 951 1960 1036 legonti
1995 951 2146 1041 Aeschyli

232 1059 411 1144 tragoedias
441 1055 658 1141 occurrerunt,
689 1059 848 1132 subtiliter
876 1075 1052 1150 persequar
1081 1063 1247 1149 primoque
1279 1061 1360 1126 duas
1389 1059 1650 1146 interpolationes
1673 1059 1872 1124 foedissimas
1898 1057 2075 1142 ostendam,
2112 1070 2147 1126 ut

232 1187 401 1252 quousque
426 1165 522 1230 etiam
547 1166 578 1229 iu
603 1163 713 1234 codiee
734 1153 856 1254 ¹optimo
881 1177 913 1233 et
936 1169 1155 1257 antiquissimo
1178 1167 1268 1233 labes
1292 1155 1461 1254 progressa
1483 1167 1534 1248 sit,
1557 1165 1772 1253 intellegatur.
2117 1159 2120 1164 ’

391 1257 481 1335 Pers.
496 1287 537 1337 ν.
564 1278 737 1338 rto-149
763 1271 906 1360 (Dinon

528 1389 534 1396 '
765 1377 838 1444 ’ἀλλ’
862 1379 927 1463 ἄγε,
953 1379 1080 1466 Πέρσαι,
1105 1381 1167 1448 τόδ’
1191 1380 1360 1468 ἐνεζόμενοι

642 1481 646 1490 ’
764 1491 871 1570 στέγος
894 1485 1037 1574 ἀρχαῖον,

759 1595 903 1683 φροντίδα
925 1595 1036 1683 κεδνὴν
1060 1599 1114 1660 ιιαί
1137 1596 1332 1679 βαθὺβοολον

651 1703 652 1708 ’
688 1705 691 1718 ’
762 1703 910 1788 θώμεθα,
935 1705 1029 1789 χρεία
1053 1701 1086 1766 δὲ
1110 1707 1267 1790 προσίοιεν

763 1821 828 1883 ιιιῑις
851 1808 914 1896 ἄρα
936 1813 1064 1895 πράσσει
1087 1807 1204 1898 Ξέρξης
1228 1809 1370 1892 βασιλεὺς

764 1915 984 2003 Δαρειογενήςς

757 2027 791 2088 τὸ
814 2025 1024 2110 πατρωνίιμιον
1047 2025 1135 2104 γόνος
1158 2022 1314 2112 ἡμέτερον·

759 2135 886 2216 πότερον
910 2129 996 2203 τόξου
1020 2126 1103 2217 ῥῦμα
1125 2133 1159 2194 sb
1181 2137 1283 2212 νιιιιῖιν,

763 2232 996 2324 ἢδοροιιράνοο

761 2343 881 2430 λόγχης
903 2341 994 2430 ἰσχὺς
1016 2347 1226 2431 ιιιιιράτηιιεν;
1251 2342 1295 2410 Μ.
1377 2333 1379 2342 ⁴

389 2449 473 2528 „Sed
505 2453 590 2536 agite
620 2452 750 2531 Persae,
782 2449 957 2516 assidentes
984 2449 1071 2516 hisce
1101 2451 1253 2538 antiquis·
1271 2448 1407 2518 aedibus
1429 2451 1562 2518 naviter
1585 2461 1618 2520 et
1648 2451 1823 2538 prudenter
1852 2473 2009 2533 curemus,
2043 2457 2139 2536 urget

226 2556 312 2623 enirn
336 2559 519 2636 necessitas,
544 2557 621 2643 quid
646 2558 744 2640 igitur
765 2579 871 2622 rerum
896 2569 989 2641 gerat
1004 2557 1132 2622 Xerxes
1155 2579 1225 2638 rex,
1249 2556 1349 2622 Darei
1365 2555 1459 2638 filins,
1483 2559 1622 2644 patrium
1644 2567 1747 2642 genus
1763 2568 1921 2638 nostrum,
1941 2557 2038 2625 teliue
2063 2579 2137 2622 ocu·

227 2664 329 2728 iectu's
346 2663 529 2728 =vicerit-an
554 2663 742 2750 cuspidatus!
766 2662 876 2731 hastae
900 2665 950 2736 ris
973 2665 1117 2751 superior
1141 2663 1351 2730 discesserit.“

302 2779 304 2782 '
387 2774 421 2833 τό
443 2771 653 2854 πατρωνόμιον
676 2773 764 2850 γένος
780 2768 925 2857 ἡμὲιερον
942 2770 1146 2836 Hermanuus
1169 2769 1309 2856 explicat
1335 2791 1455 2855 „genus
1480 2791 1499 2834 a
1521 2770 1647 2836 Perseo'
1662 2771 1805 2850 ductum,
1831 2769 1916 2846 uude
1940 2729 2137 2847 coenoman

227 2875 383 2942 hebernus
405 2876 543 2962 irimque
565 2875 656 2942 nobis
680 2885 884 2961 cognatum“,
909 2876 1111 2942 scholiastam
1134 2887 1262 2942 secutus
1286 2879 1547 2963 interpretantem
1576 2873 1622 2940 ὅτι
1644 2879 1724 2940 κατὰ
1747 2881 1867 2960 πατέρα
1895 2880 2042 2962 corruat<
2067 2875 2140 2964 ἡμῖν

227 2982 307 3048 τοῦτ’
322 2983 402 3048 ἔστιν
424 2979 441 3048 d
463 2981 500 3047 ἐκ
524 2987 676 3068 προγόνων
691 2982 851 3071 ἰθαγενής.
887 2981 951 3048 Sed
977 2983 1189 3070 praecedente
1213 2983 1415 3070 Δαρειογενής
1446 2982 1487 3047 ad
1518 2981 1601 3048 hano
1625 2983 1724 3048 solam
1746 2965 1870 3052 Xerxis
1891 2982 2139 3070 appellationem

226 3093 435 3176 πατρωνόμιον
464 3099 609 3176 spectare
639 3111 732 3176 posse
756 3090 959 3156 snenifestum
984 3101 1041 3155 est.
1088 3087 1162 3170 Qua
1185 3089 1226 3154 de
1250 3111 1347 3156 causa
1375 3087 1487 3155 scribit
1503 3088 1642 3156 Weilius
1666 3089 1754 3161 τέλος
1778 3088 1935 3176 ἡμέτερον,
1968 3089 2022 3154 αίίἰ
2046 3111 2138 3176 praa-

226 3195 333 3260 seruut
362 3197 473 3267 σθένοι
501 3219 533 3259 v.
564 3194 669 3262 Linlre
700 3195 807 3261 Iahrb.
842 3196 893 3261 nn
923 3195 1002 3262 Phil.
1035 3204 1118 3262 1863
1153 3219 1183 3283 p.
1217 3203 1278 3264 687
1310 3197 1419 3284 eiectis
1443 3195 1551 3268 verbis
1574 3199 1609 3259 τό
1631 3199 1850 3282 σατριονθμιον.
1885 3195 1981 3274 'Illud
2006 3195 2138 3282 quidem

228 3301 368 3366 dubitari
385 3325 446 3368 nou
464 3312 578 3388 potest,
600 3304 676 3390 quin
695 3305 753 3368 iste
770 3325 881 3368 versus
898 3301 975 3368 nihil
991 3305 1049 3367 nisi
1067 3303 1187 3368 Xerxis
1204 3325 1380 3388 cognomen
1398 3299 1601 3390 Δαρειογενής
1616 3302 1778 3389 explicare
1794 3302 1881 3368 velit.
1931 3301 2053 3367 Multae
2068 3315 2138 3376 tum

227 3410 387 3476 exsistant
403 3408 616 3477 difficultates.
660 3409 709 3476 Aa
724 3411 863 3496 primum
879 3411 976 3474 totius
993 3410 1142 3475 versiculi
1159 3412 1317 3496 scriptura
1331 3408 1599 3496 reprehendenda
1614 3432 1684 3474 esse
1699 3408 1838 3489 videtur,
1856 3408 1942 3496 quod
1960 3408 2138 3494 Aeschylus

227 3514 528 3598 n1·tiaulum,·etiam
544 3516 601 3581 ubi
624 3527 712 3582 certa
736 3516 788 3582 vel
809 3538 945 3603 persone
959 3515 1020 3586 *vel
1044 3539 1094 3582 ros
1118 3516 1315 3602 designatur,
1340 3517 1486 3582 omittere
1510 3516 1605 3598 solet,
1630 3537 1713 3603 quae
1738 3515 1889 3602 exempla
1912 3513 2138 3604 exscribihoc

226 3619 295 3686 loco
304 3643 387 3707 opus
400 3627 462 3686 don
480 3634 541 3703 est,
559 3622 615 3688 sed
629 3623 765 3688 sufficiet
782 3643 1032 3689 commemorare
1049 3625 1231 3705 verborum,
1249 3645 1332 3710 quae
1350 3621 1483 3688 articulo
1499 3620 1686 3710 plerumque
1703 3633 1823 3703 carent,
1841 3622 1940 3711 etiem¹
1954 3627 2040 3702 γένος
2057 3619 2137 3688 esse.

226 3725 388 3794 Articulus
400 3730 634 3815 praepositivus
655 3729 775 3816 ubique
795 3730 861 3794 fore
878 3731 949 3794 vim·
964 3727 1063 3795 habet
1081 3729 1373 3807 demonstrativam,
1390 3738 1427 3793 ut
1444 3728 1497 3794 hic
1515 3728 1703 3812 vertendum
1717 3729 1773 3794 sit:
1799 3728 1858 3793 hoc
1874 3751 1977 3814 genus
1993 3741 2136 3796 nostrum

227 3845 352 3919 epatre
368 3857 483 3900 nomen
500 3835 621 3903 ducens
632 3849 665 3902 et
675 3847 716 3900 ct.
740 3837 822 3902 Nam
838 3839 969 3902 nimium
986 3835 1063 3900 illud
1080 3857 1212 3902 acumen
1232 3836 1352 3920 ingenii
1368 3846 1401 3900 et
1415 3835 1560 3916 artificia,
1578 3834 1695 3922 quibus
1711 3834 1789 3900 nihil
1806 3835 1846 3900 ad
1861 3835 2137 3922 interpretandum

226 3939 361 4006 orduum
380 3953 437 4024 est,
453 3943 564 4028 procul
580 3943 730 4009 habenda
746 3953 819 4007 sunt
835 3967 855 4008 a
870 3955 965 4030 poeta
979 3943 1085 4008 Attico
1102 3965 1164 4006 noe
1177 3941 1407 4022 Alexandrino,
1424 3943 1478 4028 qui
1496 3940 1729 4027 spectatoribus
1741 3964 1802 4006 uon
1817 3940 1989 4006 lectoribus
2000 3941 2135 4028 scripsit.

226 4045 340 4134 ltaque
365 4051 461 4114 etiam
485 4053 644 4115 neminem
667 4050 808 4115 futurum
834 4073 903 4115 esse
927 4073 1029 4136 spero,
1062 4050 1117 4137 qni
1142 4047 1228 4135 quod
1252 4048 1457 4112 Hermannns
1480 4047 1520 4112 de
1544 4046 1605 4112 hoo
1628 4069 1725 4112 versu
1746 4046 1914 4128 iudicavit,
1939 4046 2135 4134 comprobet

226 4151 432 4240 Quemquam
462 4157 633 4222 verisimile
666 4180 734 4222 esse
765 4180 828 4222 uon
860 4167 935 4244 puto
969 4155 1167 4242 Aeschylum
1197 4156 1230 4219 τό
1253 4149 1462 4240 ’παιριονθμιον
1486 4159 1602 4234 γένος
1625 4153 1797 4240 scripsisse,
1830 4177 1901 4219 oum
1926 4154 2021 4220 modo
2044 4175 2136 4240 prae·

227 4261 356 4325 cesserit
380 4261 593 4349 Δαρειογενής,
627 4275 734 4328 tamen
764 4271 800 4328 ut
823 4275 917 4350 poete
941 4274 1005 4330 tam
1031 4261 1129 4327 debili
1153 4261 1347 4349 amplificare
1373 4261 1523 4326 voluisset
1548 4258 1761 4347 appendicula
1786 4282 1896 4326 vocem
1921 4259 2135 4347 Δαρειογενής,

226 4389 331 4430 nontin
354 4367 454 4432 multo
478 4369 591 4434 melius
614 4371 718 4455 potuit
741 4379 773 4434 et
797 4373 901 4456 aptius
923 4368 987 4435 tale
1012 4368 1091 4458 quid
1114 4368 1235 4433 addere
1259 4369 1299 4432 ad
1325 4385 1453 4432 versum
1479 4373 1509 4448 6,
1538 4365 1598 4431 nbi
1621 4366 1750 4453 Xerxes
1782 4367 1894 4433 eadem
1925 4366 2137 4452 appellatione

225 4483 365 4554 rsotatur,
391 4477 577 4561 lrreesertim
602 4477 632 4540 in
662 4497 724 4543 nno
747 4479 905 4560 cederetque
934 4476 1020 4541 chori
1051 4473 1199 4541 cantico?
1245 4475 1343 4560 Atqui
1374 4497 1412 4539 eo
1444 4471 1612 4552 loco·,libri
1636 4473 1768 4539 tradunt
1791 4473 1923 4557 Δαρείου
1954 4469 2028 4551 υἱός,
2052 4495 2137 4559 quae

229 4581 328 4646 sorba
350 4580 541 4668 interpolata
565 4605 634 4648 asso
658 4585 742 4648 iuter
757 4605 865 4648 omues
883 4585 1041 4648 convenit.
1088 4582 1319 4668 Praeterquam
1343 4580 1429 4668 quod
1453 4597 1575 4645 varsus'
1589 4591 1677 4645 earet
1692 4589 1769 4668 apta
1791 4579 1959 4658 sententia,
1984 4579 2134 4644 adiectivi

227 4691 436 4773 πσιριονόμιος
461 4689 588 4754 tunicum
613 4689 700 4776 apud
724 4693 861 4775 tragicos
885 4689 1067 4777 exemplum
1092 4704 1139 4754 est
1172 4689 1494 4773 agrammatioisque
1526 4675 1712 4752 inferiorum
1744 4684 1916 4750 adhibetur
1946 4696 2135 4772 temporum.

226 4791 303 4855 ltcm
330 4795 374 4858 ita
397 4817 431 4860 se
454 4793 574 4860 habere
597 4795 674 4860 mihi
699 4799 851 4884 persuasi.
899 4797 1109 4863 Grammatioi
1134 4793 1302 4880 eloquendi
1327 4795 1492 4859 circuitum
1510 4805 1674 4880 poetarum
1700 4791 1853 4857 reducere
1878 4791 1979 4857 solent
2002 4791 2044 4858 ad
2067 4814 2136 4856 ora·

225 4899 343 4962 tionem
367 4903 554 4987 prosaicam,
579 4914 614 4968 ut
637 4903 725 4971 Pers.
752 4911 814 4969 594
839 4907 925 4985 ζυγόν
949 4902 1060 4978 ἀλκᾶς,
1084 4899 1104 4990 ἡ
1129 4897 1223 4988 ἀλκή,
1249 4898 1369 4967 ibidem
1403 4907 1465 4966 419
1490 4905 1594 4988 σκάφη
1618 4910 1692 4962 νεῶν
1716 4896 1781 4962 ἀντὶ
1805 4908 1856 4963 τοῦ
1880 4896 1913 4963 αἱ
1934 4911 2017 4985 νῆες,
2048 4897 2135 4984 Sept.

226 5013 287 5070 564
322 5008 428 5094 τριχός
461 5008 625 5095 πλόκαμος
656 5013 736 5076 κατὰ
771 5015 950 5101 περίφρασιν
973 5007 994 5100 ἡ
1017 5007 1098 5096 θρίξ.
1145 5007 1188 5074 Et
1217 4991 1500 5097 grammaticorum
1529 5003 1724 5074 consuetudo
1760 5014 1836 5072 nota
1870 5015 1919 5072 est
1953 5001 2135 5094 explicandi
