4728 5556
362 811 457 896 Quod
488 823 562 880 ante
593 803 758 877 nonnullos
790 833 888 876 annos
917 803 967 875 vir
990 801 1201 892 doctissimus,
1232 803 1286 898 qui
1311 799 1506 896 Aeschylum
1530 798 1641 890 edidit,
1673 797 1832 895 professus
1860 811 1918 891 est,
1951 797 2101 897 principis

206 925 398 1008 tragicorum
421 920 619 986 Graecorum
642 918 768 983 fabulas
792 917 870 982 nihil
892 918 977 982 ultra
999 919 1172 1004 requirere,
1205 917 1292 1004 quod
1323 919 1496 1004 pertineret
1520 915 1560 981 ad
1590 927 1692 982 artem
1723 918 1876 996 criticam,
1908 926 1940 980 et
1962 939 2020 982 suo
2044 916 2105 981 sihi

204 1037 393 1114 argumento
417 1027 600 1091 confutatus
623 1036 671 1091 est
702 1023 867 1111 permultis
896 1023 985 1089 libris
1014 1023 1172 1090 libellisve
1195 1025 1390 1109 conscriptis,
1416 1033 1447 1088 et
1470 1023 1549 1088 illud
1572 1024 1732 1088 neminem
1756 1022 1839 1107 fugit
1861 1022 1976 1088 harum
1999 1045 2106 1088 rerum

203 1139 351 1222 peritum,
385 1145 421 1200 ut
452 1133 531 1198 haec
562 1132 760 1218 antiquitatis
784 1130 930 1197 Graecae
961 1141 1166 1196 monumenta
1194 1131 1327 1218 pristino
1359 1129 1486 1193 reddita
1515 1131 1578 1194 sint
1605 1130 1701 1194 nitori
1729 1139 1762 1194 et
1783 1129 1959 1214 integritati
1983 1139 2106 1193 tantum

204 1241 328 1322 abesse,
359 1249 395 1304 ut
425 1249 603 1324 temporum
633 1238 750 1302 iniuria
781 1237 896 1302 misere
926 1247 1054 1301 exstent
1084 1235 1223 1302 foedata.
1269 1234 1420 1321 Aeschyli
1451 1235 1582 1322 quidem
1612 1235 1742 1301 fabulae
1768 1244 1801 1300 et
1822 1235 2052 1300 recentioribus
2075 1245 2108 1300 et

205 1347 344 1432 antiquis
366 1345 563 1432 temporibus
596 1345 738 1408 virorum
767 1342 880 1408 studiis
903 1341 1069 1408 doctorum
1093 1345 1261 1407 materiam
1283 1341 1511 1429 praebuerunt,
1544 1352 1698 1428 tantaque
1721 1351 1769 1407 est
1792 1341 1962 1407 multitudo
1985 1363 2106 1422 eorum,

204 1453 259 1538 qui
283 1463 396 1538 poetae
420 1451 515 1516 huius
539 1449 712 1534 tragoediis
737 1448 946 1533 emendandis
978 1458 1011 1513 et
1040 1448 1240 1534 explicandis
1270 1471 1401 1536 operam
1430 1461 1600 1530 navarent,
1631 1458 1668 1513 ut
1696 1447 1789 1514 facile
1817 1447 2014 1514 satisfactum
2038 1470 2107 1513 esse

204 1559 307 1622 videri
329 1559 427 1644 possit
450 1557 565 1639 officio,
589 1579 653 1644 quo
677 1555 831 1621 adversus
854 1556 1035 1640 gravissimi
1052 1553 1250 1620 Graecorum
1273 1565 1387 1642 poetae
1410 1553 1592 1639 tragoedias
1615 1554 1853 1640 obstringimnr,
1877 1564 1911 1619 at
1934 1555 2039 1619 nescio
2066 1576 2108 1619 an

206 1664 409 1728 inveniantur
431 1663 502 1743 loci,
525 1685 586 1728 nec
607 1685 685 1728 vero
702 1672 890 1748 arroganter
905 1661 965 1726 hoe
981 1661 1114 1726 dietum·
1127 1662 1305 1728 existimari
1320 1660 1428 1742 velim,
1452 1660 1579 1748 quibus,
1603 1683 1676 1726 eum
1693 1659 1737 1725 illi
1754 1662 1911 1727 erravisse
1925 1659 2106 1741 videantur,

205 1770 302 1836 aliam
325 1783 357 1835 st
379 1791 489 1835 novom
512 1769 643 1858 quidem
664 1771 855 1834 sententiam
871 1768 1013 1854 proferre
1035 1767 1139 1834 liceat.
1177 1767 1215 1832 In
1239 1767 1300 1832 hoc
1322 1767 1408 1832 enim
1422 1778 1518 1853 poeta
1533 1767 1652 1849 evenit,
1676 1775 1848 1848 uteorum,
1871 1768 1928 1855 qui
1947 1767 1989 1832 ad
2013 1767 2108 1832 iuter-

205 1877 414 1964 pretationem
447 1877 515 1941 eius
545 1887 748 1941 accesserunt
771 1885 803 1942 et
826 1875 1094 1956 emendationem,
1124 1896 1218 1940 nemo
1247 1874 1316 1939 iere
1338 1875 1388 1956 sit,
1420 1874 1476 1960 qui
1499 1896 1562 1940 non
1586 1873 1729 1939 attulerit
1751 1873 1874 1962 aliquid
1896 1872 1982 1957 boni,
2015 1893 2108 1938 nemo

204 1983 256 2050 vel
280 1983 491 2065 doctissimus,
522 1985 599 2071 quin
630 1982 791 2048 interdum
821 1991 966 2048 versatus
989 1982 1085 2047 sitin
1108 2003 1224 2048 errore.
1271 1981 1343 2045 Non
1375 1981 1508 2045 miruml
1554 1981 1638 2046 Nam
1668 2001 1742 2045 eum
1766 1983 1894 2046 omnino
1917 1980 1959 2045 sit
1980 1977 2109 2045 difficile

204 2090 300 2156 talem
324 2101 452 2176 poetam
482 2089 612 2177 qualem
635 2088 829 2176 Aeschylum
854 2090 1001 2154 novimus
1033 2109 1107 2154 cum
1130 2086 1239 2173 aliqua
1260 2085 1495 2173 probabilitatis
1526 2088 1633 2174 specie
1663 2086 1837 2153 emendare
1866 2086 2014 2174 illiusque
2036 2108 2108 2173 pro-

204 2198 306 2282 priam
329 2198 362 2261 in
385 2195 522 2261 dicendo
545 2197 748 2280 gravitatem,
772 2195 1010 2275 sublimitatem,
1033 2193 1306 2279 magnificentiam
1328 2192 1513 2281 (σεμνότητα
1529 2192 1581 2258 vel
1597 2194 1860 2279 μεγαλοπρέπειαν
1880 2193 1978 2279 vulgo
2000 2192 2108 2280 appel·

205 2279 315 2366 labant
337 2301 468 2386 Graeci)
492 2301 598 2366 denuo
621 2303 800 2367 instaurare
824 2311 921 2388 atque
944 2302 1049 2387 ipsum
1072 2310 1197 2365 textum
1225 2299 1441 2386 Aeschyleum
1466 2301 1633 2365 restituere
1655 2302 1899 2386 ingravescente
1921 2300 2109 2386 pervarias

205 2419 252 2472 tot
274 2408 475 2473 saeculorum
498 2408 735 2473 vicissitudines
758 2406 939 2493 corruptela
955 2409 1057 2492 magis
1081 2408 1249 2494 magisque
1272 2407 1486 2494 depravatum
1510 2417 1541 2472 et
1556 2406 1723 2494 multiplici
1745 2408 1897 2472 vitiorum
1919 2427 2039 2492 genere
2063 2408 2108 2470 in-

206 2515 384 2600 quinatum,
416 2525 486 2579 tum
509 2536 582 2579 eam
605 2536 702 2601 quam
726 2514 795 2578 dixi
827 2513 1021 2579 emendandi
1044 2512 1197 2600 Aeschyli
1221 2507 1443 2578 difficultatem
1470 2513 1558 2579 haud
1581 2513 1785 2579 mediocriter
1808 2514 1921 2599 augeri
1945 2523 2109 2578 consenta-

207 2643 302 2684 neam
326 2629 374 2684 est
396 2621 519 2684 incerta
541 2643 579 2684 ae
603 2619 703 2685 dubia
724 2619 878 2687 librorum
901 2643 974 2686 mss.
999 2618 1205 2707 reliquasque
1228 2618 1432 2706 supellectilis
1454 2621 1584 2686 criticae
1607 2617 1803 2686 condicione.
2107 2627 2109 2632 '

278 2735 282 2745 '
369 2726 418 2790 De
450 2723 615 2791 codicibus
646 2726 707 2791 hoo
737 2726 806 2791 loco
839 2727 916 2792 satis
945 2725 1050 2791 habeo
1081 2726 1202 2791 referre
1234 2727 1374 2792 omnium
1403 2727 1713 2814 praestantissimum
1741 2749 1822 2808 esse,
1857 2747 1954 2814 quem
1989 2725 2109 2808 dicunt,

208 2831 400 2898 Medioeum.
448 2832 606 2898 Dindorfii
629 2835 714 2898 enim
745 2856 843 2920 opera
874 2833 1122 2898 luculentissime
1144 2831 1398 2898 demonstratum
1421 2842 1479 2914 est,
1508 2854 1704 2920 quamquam
1727 2835 1854 2920 copiose
1877 2835 2110 2920 arguteque‘in

208 2939 399 3006 contrariam
430 2949 555 3024 partem
584 2938 761 3024 disputarit
782 2939 1031 3020 Heimsoethins,
1062 2961 1104 3004 ex
1134 2938 1194 3004 hoe
1225 2941 1335 3003 codice
1367 2937 1529 3005 derivatos
1559 2961 1639 3020 esse,
1670 2948 1827 3026 quotquot
1850 2939 1892 3005 ad
1915 2939 2000 3004 hune
2022 2940 2110 3004 inno-

208 3055 337 3110 tuerunt
360 3044 446 3110 diem
470 3043 607 3132 ideoque
630 3067 728 3110 sanae
752 3047 881 3111 criticae
905 3045 1149 3110 fiandamentum
1164 3067 1235 3112 esse
1250 3044 1379 3111 debere.
1425 3045 1463 3110 In
1479 3043 1643 3111 afferenda
1658 3047 1756 3131 igitur
1778 3044 1932 3111 librorum
1955 3046 2112 3132 scriptura

209 3149 291 3214 hano
314 3149 391 3215 mihi
423 3153 559 3238 imposui
589 3151 705 3235 legem,
736 3162 773 3216 ut
795 3151 944 3234 Medieei,
974 3154 1030 3239 qni
1059 3151 1158 3236 vulgo
1189 3151 1388 3236 significatur
1415 3151 1522 3218 littera
1544 3151 1588 3233 M,
1618 3151 1787 3218 lectionem
1816 3163 1967 3218 notarem.
2012 3151 2111 3218 Cuius

209 3257 398 3340 scripturam
423 3256 677 3322 conservandam
701 3281 770 3323 esse
793 3265 937 3345 apparet,
968 3257 1155 3344 ubicunque
1185 3258 1295 3346 aliqua
1325 3259 1393 3324 eius
1421 3258 1621 3324 tolerabilem
1643 3261 1676 3324 in
1698 3259 1830 3324 modum
1853 3258 2112 3345 interpretandae

209 3361 344 3427 laeirltas
367 3373 426 3443 est,
449 3361 537 3450 qued
561 3363 720 3450 quemodo
745 3363 886 3448 intellegi
909 3363 1017 3445 velim,
1041 3363 1189 3451 exemplo
1213 3364 1396 3451 expediam.
1444 3363 1560 3450 Agam.
1583 3388 1616 3434 v.
1641 3371 1701 3432 611
1727 3387 1775 3454 sq.
1798 3364 1873 3431 libri
1895 3365 2041 3432 tradunt:

736 3466 803 3534 οὐδ’
826 3468 898 3534 οἶδα
921 3474 1021 3555 τέρψιν
1044 3467 1108 3534 οὐδ’
1130 3469 1275 3554 ἐπίψογον
1297 3475 1385 3558 φάτιν

734 3574 833 3641 ἄλλοι)
856 3580 932 3661 πρὸς
956 3573 1066 3661 ἀνδρὸς
1090 3576 1209 3662 μᾶλλον
1230 3574 1252 3662 ἢ
1275 3576 1399 3663 χαλκοῖν
1422 3579 1549 3665 βαφάς..

367 3679 624 3769 Clytaemnestra
639 3705 756 3768 magno
772 3706 807 3748 se
823 3682 970 3747 affectam
986 3682 1107 3768 gaudio
1131 3705 1201 3748 esse
1210 3682 1289 3748 dicit
1301 3682 1342 3747 de
1358 3684 1502 3767 coniugis
1521 3682 1638 3764 reditu,
1659 3683 1714 3770 qui
1732 3683 1775 3750 ab
1787 3683 1870 3750 arcis
1886 3681 2017 3750 custode
2033 3707 2113 3750 nun·

208 3788 318 3870 tiatur3
342 3810 401 3874 per
423 3797 470 3854 tot
493 3791 578 3854 enim
601 3811 700 3854 annos
731 3788 919 3854 fidelitatem
949 3810 1028 3875 erga
1055 3790 1205 3853 maritum
1229 3811 1250 3855 a
1271 3811 1306 3854 se
1329 3809 1494 3876 nunquam
1517 3811 1587 3854 esse
1609 3789 1772 3870 violatam,
1795 3791 1829 3856 id
1851 3790 1940 3877 qued
1962 3792 2114 3879 exprimit

209 3894 331 3958 verbis:
362 3917 466 3980 neque
493 3897 568 3960 nevi
597 3894 842 3960 delectationem
872 3895 1003 3961 alterius
1034 3897 1095 3960 viri
1124 3917 1230 3982 neque
1257 3895 1377 3962 famam
1407 3895 1609 3978 malitiosam,
1640 3918 1703 3962 nen
1733 3897 1838 3982 magis
1869 3919 1967 3984 quam
1989 3898 2113 3984 χαλκοῦ

208 4002 318 4086 βαφάς.
364 3999 544 4066 Permultas
566 4003 711 4067 invenies
733 4002 931 4068 coniecturas
954 4004 986 4066 in
1004 4001 1197 4067 Weckleinii
1220 4000 1261 4067 de
1285 4001 1445 4090 Aeschylo
1467 4001 1586 4084 libello,
1609 4005 1665 4090 qui
1688 4004 1872 4089 germanica
1894 4007 2030 4091 scriptus
2054 4017 2112 4086 est,

208 4117 426 4188 enumeratas,
451 4119 485 4172 at
506 4107 637 4172 minime
659 4130 716 4194 pro
739 4109 864 4194 χαλκοῦ
881 4111 982 4196 βαφάς
1005 4108 1093 4174 aliud
1116 4108 1195 4195 quid
1212 4106 1393 4195 ponendum
1417 4131 1487 4174 esse
1508 4109 1686 4196 apparebit,
1710 4129 1784 4174 cum
1807 4108 1860 4174 hic
1882 4109 1971 4176 locus
1994 4113 2112 4196 optimo

208 4212 302 4277 modo
326 4214 425 4299 possit
448 4213 611 4301 explicari.
658 4213 822 4303 Equidem
851 4217 912 4282 etsi
940 4237 1064 4296 vereor,
1095 4237 1136 4280 ne
1166 4235 1275 4280 omnes
1302 4213 1380 4279 mibi
1410 4237 1474 4280 non
1504 4217 1611 4280 statim
1641 4215 1807 4299 accedant,
1837 4226 1946 4282 tamen
1970 4216 2112 4297 afferam,

208 4339 302 4403 quae,
325 4341 366 4384 ne
389 4321 460 4407 quis
483 4321 565 4385 iusto
589 4321 682 4386 eitius
705 4324 906 4404 assentiatur,
930 4322 1116 4409 impediant.
1162 4319 1283 4386 Omitto
1298 4319 1487 4386 scholiastae
1502 4323 1815 4408 interpretationem:
1839 4320 1941 4408 ὥσπερ
1965 4319 2022 4389 aba
2043 4321 2113 4390 οἶδα

207 4427 264 4494 τὰς
286 4423 389 4509 βαφὰς
412 4433 464 4490 τοῦ
487 4427 614 4513 σιδήρου
631 4425 677 4512 (Ι),
702 4423 797 4500 otro<
813 4425 883 4492 οὐδὲ
898 4427 1010 4517 ἡδονὴν
1025 4426 1129 4514 ἑτέρου
1145 4426 1264 4511 ἀνδρός.
1303 4426 1385 4494 cum
1402 4449 1613 4515 praepropere
1636 4429 1842 4495 Hermannus
1864 4429 1987 4516 χαλιιοῦ
2010 4431 2113 4519 βαφάς

208 4529 249 4593 de
272 4529 373 4596 caede
396 4532 503 4596 mariti
526 4531 628 4600 dictas
651 4557 721 4600 esse
743 4534 832 4616 velit,
856 4557 966 4600 omnes
988 4535 1043 4600 alii
1066 4535 1267 4600 consentiunt
1289 4534 1322 4598 in
1345 4534 1451 4599 auimo
1474 4534 1573 4599 fuisse
1593 4545 1708 4622 poetae
1725 4535 1903 4621 significare
1927 4525 2005 4619 rem,
2028 4559 2112 4625 quae

208 4635 276 4701 lieri
299 4658 364 4701 non
386 4639 494 4724 pessit.
540 4639 578 4705 Id
603 4641 735 4728 quidem
758 4640 985 4727 postulandum
1009 4652 1065 4722 est,
1097 4651 1134 4706 ut
1156 4641 1198 4705 ad
1222 4639 1372 4728 exempla
1394 4651 1572 4722 revocetur,
1596 4663 1680 4729 quae
1703 4641 1800 4706 talem
1823 4663 1918 4708 usum
1940 4641 2112 4710 verborum

209 4751 241 4804 et
270 4744 460 4808 sententiam
491 4747 708 4833 comprobent.
754 4747 867 4834 Neque
901 4769 978 4813 vero
1013 4746 1219 4832 cogitandum
1252 4757 1301 4812 est
1332 4746 1373 4812 de
1404 4769 1477 4812 eeu
1507 4749 1590 4814 aeris
1621 4749 1769 4830 tinctura,
1803 4771 1909 4836 neque
1933 4749 2112 4838 Aeschylus

209 4845 366 4929 ἀδὺνατον,
390 4851 476 4938 quod
500 4850 621 4922 dicunt.
646 4853 694 4918 his
716 4852 825 4918 verbis
849 4855 1031 4941 exprimere
1053 4852 1249 4934 intendebat,
1273 4853 1388 4940 quodsi
1411 4852 1563 4920 voluisset
1586 4875 1649 4920 non
1673 4855 1749 4920 satis
1773 4853 1951 4922 dilucidum
1974 4867 2032 4936 est,
2056 4877 2113 4922 eur

210 4955 291 5020 lbrte
315 4978 375 5020 non
400 4957 519 5022 dixerit
549 4960 640 5022 atem
664 4962 766 5050 βαφάς
797 4959 848 5025 vel
880 4959 956 5048 quid
982 4960 1124 5024 eiusdem
1148 4962 1284 5046 generis,
1313 4983 1387 5024 nam
1412 4959 1491 5024 haee
1515 4963 1610 5026 etiam
1636 4985 1686 5026 rrs
1710 4974 1766 5044 est,
1791 4985 1876 5052 quae
1899 4963 1967 5028 lieri
1993 4965 2112 5052 nequit.
