4728 5556
1166 415 1184 475 9

1119 503 1252 510 --—-.--

751 621 800 710 θ’
823 623 884 706 ἐν’»
907 626 1101 712 usuque
1215 628 1220 637 ’
1338 657 1341 664 ·

754 735 930 798 θεσπίσασα
952 744 1128 820 πρευμενῶς
1194 759 1198 770 ·

756 838 931 914 ἐπισσὺτυυς
954 841 1022 924 βίυυ
1044 843 1142 927 τυχας
1164 838 1326 928 ὀνησίμους
1394 841 1397 876 ³

755 949 848 1028 ηαῑας
871 946 1056 1034 έξαμβρόσατΙ

759 1055 887 1143 φαιδρὸν
910 1053 999 1121 ἁλίου
1022 1057 1144 1149 σ’έλαςη·ὖ

757 1162 799 1228 Μ.
823 1162 1019 1249 ἑξαμβρόσαι.
1067 1159 1069 1166 ’
1127 1149 1141 1186 ’“

220 1269 282 1336 Oui
313 1270 371 1358 (eo.
396 1270 482 1356 urbi)
506 1293 566 1356 ego
590 1293 747 1358 eppreoor
769 1269 927 1336 benevole
949 1272 1129 1337 vatieinuns
1151 1269 1320 1338 effluentes
1343 1271 1584 1338 commodorum
1607 1273 1715 1360 oopias
1745 1295 1763 1336 e
1793 1281 1881 1337 terra
1905 1321 1912 1336 .
1938 1320 1945 1336 .
1973 1321 1980 1336 .
2009 1269 2137 1357 (verbs,

221 1399 307 1465 quae
331 1390 518 1466 sequuntur,
542 1381 624 1445 verti
648 1402 711 1445 non
736 1381 890 1465 possunt).
1705 1377 1707 1384 ’
1819 1451 1824 1474 ἱ
2054 1401 2056 1404 ·

380 1485 613 1574 Praeterquam
637 1486 722 1574 quod
747 1483 933 1574 έξαμβρόσαι
956 1473 1113 1574 nusquam
1138 1489 1170 1551 in
1187 1487 1387 1552 Graecorum
1411 1488 1537 1574 seriptis
1558 1488 1728 1574 reperitur,
1751 1509 1864 1552 versus
1879 1486 1978 1552 etiam
2000 1490 2139 1554 metrum

221 1593 375 1659 violatum
398 1603 457 1675 est,
481 1615 548 1680 qua
571 1593 612 1658 de
635 1616 734 1660 υουεο
757 1594 846 1660 eliud
868 1593 1014 1661 verbum
1029 1605 1078 1660 est
1100 1593 1326 1682 supplendum.
1374 1595 1566 1682 Priusquam
1586 1595 1756 1660 lectionem
1781 1594 1950 1660 restituere
1972 1615 2137 1675 conemur,

219 1701 315 1790 poulo
338 1701 522 1767 aoouratius
544 1703 752 1790 inspiciamus
768 1702 1009 1768 emendationes
1033 1703 1064 1767 in
1089 1697 1231 1767 medium
1247 1702 1398 1790 prolutas.
1437 1701 1520 1768 Cum
1536 1701 1687 1766 Pauwiua
1701 1700 1822 1768 scribat
1837 1698 2033 1788 ἐξαμβρῦσαι,
2050 1700 2138 1788 quod

218 1809 366 1876 restituto
401 1819 502 1875 metro
537 1810 717 1876 sententiae
752 1811 847 1876 etiem
883 1809 1093 1890 satisfaceret,
1128 1810 1156 1876 si
1188 1808 1230 1875 de
1259 1811 1368 1875 aoristi
1398 1808 1493 1875 buius
1523 1808 1615 1874 verbi
1646 1809 1723 1876 satis
1746 1819 1916 1891 consumo,
1948 1797 2137 1875 Dindorliits

220 1915 401 2002 ὲξαμβρέξατ
423 1918 570 1998 eonieoit,
595 1916 654 1983 sed
676 1915 773 1982 valde
797 1915 1011 1983 ueniundum
1035 1926 1094 1998 eet,
1118 1916 1240 1984 basone
1262 1917 1364 1982 t'orma
1380 1916 1550 1997 exstiterit,
1573 1937 1670 2004 quern
1694 1915 1737 1982 ob
1752 1938 1821 1982 rem
1838 1917 2058 1984 uouieeturam
2073 1916 2136 1982 viri

218 2021 302 2089 illiue
326 2022 411 2089 (loeti
434 2025 536 2110 recipi
558 2045 622 2089 non
645 2046 738 2110 posse
762 2023 966 2090 manifestum
991 2035 1049 2090 eet.
1094 2023 1194 2111 Apud
1209 2024 1388 2090 Homerum
1410 2023 1543 2112 quidem
1566 2023 1729 2111 optativus
1750 2020 1925 2108 ἀναβρόξειε
1948 2022 2040 2090 verbi
2064 2021 2136 2088 ἀνα-

218 2133 323 2217 βρόχῶ
347 2131 383 2197 et'
402 2132 606 2220 participium
630 2129 802 2217 ἀναβροχο
831 2130 1048 2212 inveniuntur,
1080 2131 1136 2198 sed
1160 2129 1211 2198 his
1234 2129 1311 2198 loeis
1334 2130 1436 2197 verbo
1458 2129 1647 2196 resorbendi
1670 2131 1757 2196 notio
1779 2131 1873 2211 inest,
1896 2153 1982 2218 quas
2005 2139 2132 2216 seuten-

218 2238 284 2304 tiee
307 2261 420 2304 versus
449 2239 578 2305 omnino
602 2249 771 2327 repugnat.
818 2237 881 2304 Od.
906 2263 938 2326 μ.
955 2263 986 2304 v.
1012 2246 1077 2305 240
1100 2237 1143 2304 ὅτ’
1168 2225 1342 2323 ἃναβρόξεεε
1366 2238 1535 2325 θαλάσσης
1556 2234 1637 2323 ὕδωρ
1660 2249 1693 2304 et
1715 2238 1735 2301 λ
1760 2243 1823 2306 505
1847 2233 1929 2323 ὕδωρ
1952 2235 2135 2306 ἀπολέσκετ’

219 2343 403 2432 ἀναβροχέν.
450 2344 544 2427 Quae
573 2346 735 2433 quomodo
767 2345 926 2413 vertenda
955 2348 1028 2428 siut,
1058 2345 1153 2414 doust
1182 2344 1321 2412 Ovidius
1351 2345 1442 2430 (Her.
1475 2353 1527 2427 19,
1561 2345 1639 2432 190)
1672 2367 1840 2433 „quaeque
1871 2347 1972 2412 vomit
2003 2345 2139 2412 totidem

219 2451 333 2519 fluetus
349 2452 548 2542 totidemque
564 2453 742 2522 resorbet“.
767 2454 933 2519 Postremo
949 2454 1059 2520 theme
1073 2452 1240 2540 ἁναβρόχυν
1257 2453 1448 2518 inusitatum
1465 2464 1523 2534 est,
1539 2463 1575 2518 ut
1591 2451 1636 2518 uit
1652 2451 1841 2518 Euststhius
1857 2451 1910 2540 (Il.
1927 2475 1958 2540 p.
1978 2457 2074 2534 1095,
2092 2452 2136 2538 6).

217 2557 266 2626 Of.
302 2561 400 2626 etium
436 2559 648 2647 Hesychium,
683 2561 739 2648 qui
773 2572 902 2649 praeter
934 2560 1119 2647 ἁναβρόχειν
1154 2561 1244 2648 ponit
1277 2555 1510 2648 ἀναῤῥοφησειν.
1564 2557 1849 2647 αναβροχθησειενε
1885 2556 2136 2646 ἀναῤῥυφησετεν,

217 2663 351 2732 ἀναπὶοι·
376 2666 496 2730 ἔστιδὲ
520 2677 578 2730 τῶν
601 2673 817 2755 πεποιημένων.

378 2771 458 2837 Mihi
481 2773 613 2860 quidem
638 2775 803 2841 vocabulis
833 2798 906 2841 oum
938 2774 1107 2861 diligentia
1130 2774 1324 2840 examinatis
1347 2774 1454 2856 sliam,
1484 2795 1570 2861 quae
1592 2773 1709 2840 melius
1731 2774 1910 2840 sententiae
1933 2774 2138 2861 sermonique

218 2879 492 2962 accommodatur,
517 2881 774 2947 emendationem
797 2881 901 2962 verbi,
925 2883 957 2947 in
989 2904 1053 2970 quo
1085 2883 1154 2947 iure
1177 2879 1352 2970 pffeuditur
1376 2903 1428 2946 me
1452 2881 1616 2969 purevisse
1640 2883 1785 2970 persuasi
1808 2891 1841 2948 et
1862 2881 2036 2967 legendum
2061 2871 2141 2947 mibi

217 2985 347 3053 videtur
371 2985 499 3054 ΓΑΙΑΣ
525 2985 577 3053 ΕΞ
601 2986 829 3054 ΑΜΒΡΑΞΑΙ
860 2991 906 3054 ite
936 3001 974 3056 ut
1005 2991 1199 3076 praepositio
1223 2986 1255 3063 ἐξ
1278 3000 1349 3076 poet
1380 2987 1619 3054 substantivum
1648 2993 1739 3070 γαίας
1770 2990 1908 3077 positum
1938 3011 2012 3055 cum
2036 3011 2075 3056 eo
2098 2990 2141 3054 sit

216 3095 429 3174 uoniunetum.
470 3093 635 3180 ἀναβράζῶ
658 3095 712 3160 vel
734 3093 881 3182 ἀμβραξυ
911 3096 1010 3162 latino
1041 3108 1090 3164 eat
1113 3095 1259 3178 ebullire,
1294 3097 1434 3162 emioure
1465 3107 1498 3162 et
1527 3095 1701 3183 respondet
1732 3097 1801 3162 fere
1831 3097 2001 3163 transitivo
2023 3095 2141 3164 elicere

217 3200 351 3286 aliisque
374 3201 567 3267 huiusmodi.
596 3199 769 3288 ’ἀναβρασις
792 3213 842 3268 est
869 3205 1038 3285 aestuatio,
1069 3225 1144 3270 oum
1174 3226 1261 3292 aqua
1290 3203 1420 3269 fervens
1450 3201 1563 3270 ebullit
1593 3213 1625 3268 et
1647 3201 1817 3284 subsultet,
1847 3203 1934 3291 quod
1958 3200 2141 3291 ἀμβολάδην

217 3311 280 3380 ζεῖν
303 3306 488 3374 Herodotus
511 3309 556 3394 (4.
585 3308 662 3394 181)
691 3321 796 3376 vocat.
843 3309 895 3376 De
925 3312 1056 3378 notione
1087 3310 1181 3377 verbi
1208 3312 1306 3377 etiem
1337 3311 1376 3374 of.
1402 3308 1564 3398 Aristoph.
1594 3310 1677 3375 Rau.
1702 3317 1767 3374 510
1790 3312 1834 3396 ’μὰ
1858 3314 1907 3375 τὸν
1931 3293 2080 3376 Ἀπόλλω
2099 3306 2140 3376 ‘ob

214 3419 258 3502 μή
276 3413 304 3480 σ’
319 3413 331 3501 ll
346 3414 507 3502 περιόψομ’
524 3413 691 3482 ἀπελθόντ’
707 3415 773 3482 ἐπεὶ
789 3438 836 3482 τοι
851 3421 930 3502 κρέα
943 3417 955 3503 ll
971 3414 1151 3504 ἀνέβραττεν
1167 3415 1307 3502 ὀρνίθεια
1323 3426 1356 3482 et
1370 3415 1510 3482 thurn.
1526 3425 1611 3482 1005
1624 3413 1835 3501 ἀναβράττετ’,
1850 3414 2005 3497 έξοπτατε,
2022 3415 2140 3502 τρέπετ’

214 3519 366 3608 ἀφέλκετε
392 3521 404 3610 ,l
430 3527 468 3586 τὰ
485 3523 594 3608 λαγῷα
610 3527 743 3609 ταχέως·
782 3525 897 3612 Itaque
922 3524 983 3614 boo
1005 3522 1200 3591 vocabulum
1223 3521 1442 3611 aptissimum,
1466 3546 1542 3590 nem
1566 3522 1682 3589 ardore
1705 3522 1779 3589 solis
1803 3523 1924 3591 barbae
1946 3525 2038 3612 qussi
2062 3525 2140 3590 emi·

214 3639 301 3706 cant,
327 3651 345 3693 e
368 3639 454 3693 terre
476 3630 655 3696 eliciuntur.
703 3632 817 3720 Neque
839 3633 872 3696 in
897 3633 1057 3698 sententia
1079 3631 1258 3719 quidquam
1281 3643 1341 3712 eat,
1364 3631 1450 3718 quod
1474 3629 1693 3719 reprehendas
1722 3643 1755 3697 et
1777 3634 1902 3698 numeri
1925 3632 2042 3720 optimi
2066 3645 2141 3700 suut

213 3734 284 3800 eius
307 3737 450 3819 generis,
474 3759 516 3801 ex
539 3758 606 3823 quo
629 3748 731 3805 totum
755 3738 817 3804 hoo
840 3740 1002 3804 oentioum
1026 3735 1143 3806 eistat.
1193 3737 1229 3806 si
1252 3741 1325 3827 quie
1347 3736 1490 3804 offendet
1512 3739 1544 3804 in
1575 3737 1669 3805 verbi
1698 3739 1803 3806 forma
1832 3739 2032 3805 admonitum
2063 3749 2136 3804 eum

216 3841 299 3924 volo,
323 3853 360 3907 ut
384 3853 483 3930 poeta
506 3845 544 3909 iis
567 3848 718 3932 quemvis
741 3868 815 3911 raro
836 3857 957 3912 utatur.
1005 3846 1116 3934 Suppl.
1142 3871 1173 3912 v.
1199 3853 1240 3911 99
1265 3845 1517 3934 σφετεριξάμενον
1544 3846 1791 3934 πατραδέλφειαν
1818 3845 1830 3933 ll
1858 3849 1912 3932 την
1935 3843 1962 3910 δ’
1987 3843 2139 3912 ἀπιόντων

214 3946 363 4036 ἐπιβῆναι.
407 3950 471 4036 Ag.
488 3973 520 4016 v.
539 3957 614 4033 691,
631 3952 687 4019 ubi
704 3951 912 4020 Hermannus
935 3952 1086 4020 adnotet.
1112 3927 1259 4018 diuitari‘
1271 3953 1385 4040 potest,
1409 3955 1487 4018 num
1503 3948 1657 4039 α’ννέμαξεν
1674 3954 1836 4040 scripserit
1850 3950 2040 4039 Aoeohylua.
2057 3952 2141 4020 iulus

213 4056 450 4122 restituendum
474 4069 524 4124 est
546 4057 681 4125 sonasse
704 4059 812 4144 σεβίξυ
837 4059 882 4146 (ν.
902 4060 992 4147 785),
1015 4060 1106 4147 quod
1131 4060 1215 4127 Flor.
1240 4059 1384 4148 preeb'et.
1409 4057 1553 4150 Ghuepb.
1570 4085 1602 4129 v.
1618 4069 1685 4128 954
1703 4059 1746 4126 Μ.
1771 4057 1869 4126 tradit
1883 4057 1932 4128 ἐπ’
1945 4059 2042 4148 ὄχθαι
2055 4059 2139 4141 βίον,

213 4161 281 4242 ubi,
305 4163 395 4250 quod
417 4165 476 4230 vix
502 4164 646 4232 dubitari
669 4178 784 4254 potest,
809 4166 993 4254 ἐπορθὶαξεν
1017 4167 1071 4233 vel
1096 4165 1290 4253 έπωρθῑαξεν
1313 4166 1486 4252 legendum
1511 4179 1569 4236 est.
1611 4168 1731 4234 Versus
1754 4166 1916 4234 emendati
1939 4167 1986 4234 aie
2009 4178 2140 4234 uertun-

213 4281 284 4337 tur:
310 4273 382 4350 ,oui
410 4293 471 4357 ego
494 4294 653 4360 sppreeor
674 4272 834 4341 benevole
856 4276 1036 4342 vaticinans
1060 4274 1229 4342 affluentes
1256 4274 1500 4359 eommodorum
1524 4276 1637 4364 copiae
1659 4283 1798 4355 eterra,
1822 4280 1859 4339 ut
1882 4274 2020 4341 emicent
2035 4273 2139 4364 splen·

216 4375 294 4442 dido
316 4377 391 4443 solis
414 4378 561 4448 ardore.“
1614 4405 1617 4412 ’
2099 4391 2102 4396 “

368 4485 565 4552 Eumene.
593 4493 655 4553 951
682 4511 728 4575 sq.
1576 4491 1577 4496 ¹

748 4600 827 4682 μέγα
842 4593 909 4681 Ιγὰρ
934 4597 1058 4662 δυναται

746 4701 840 4768 πότνι’
864 4701 985 4789 Ἐρινὺς
1006 4707 1092 4788 παρά
1116 4701 1141 4768 τ’
1166 4701 1339 4776 ἀθανάτοις

747 4819 812 4883 τοῖς
835 4809 869 4874 θ’
893 4805 951 4875 ὑπὸ
972 4819 1075 4892 γαῖαν,
1098 4814 1170 4896 περί
1193 4809 1219 4874 τ’
1242 4806 1415 4895 ἀνθρώπων

745 4928 883 5005 φανερῶς
906 4917 1020 4990 τελέως
1044 4916 1290 5001 διαπράσσουσιν.

745 5022 790 5092 M.
815 5035 956 5112 φανερῶς
979 5023 1101 5100 τελέως.
1293 5027 1296 5032 “
