4728 5556
1075 399 1199 500 ,υ

218 609 348 704 irrepsit
371 615 466 682 τόπων
489 637 547 703 pro
571 609 680 699 λοβῶν,
705 637 777 680 eum
801 614 1001 700 intellegeret
1033 613 1104 700 ὄρος
1136 616 1329 683 vocabulum
1353 613 1502 683 adhiberi
1528 637 1591 682 non
1616 639 1707 704 posse
1730 611 1792 682 nisi
1816 609 1856 683 de
1880 628 1985 683 terrae
2009 607 2134 706 locique

220 725 356 790 alienius
378 725 531 788 terminis.
577 720 678 806 Ὅρος
702 723 800 805 λοβῶν
831 722 908 788 nihil
939 722 1028 788 aliud
1058 747 1127 790 esse
1151 735 1265 811 potest,
1290 725 1351 790 nisi
1382 747 1421 790 ea
1451 723 1633 812 plantarum
1664 747 1748 811 pars,
1780 747 1822 789 ex
1852 747 1918 812 qua
1947 725 2058 792 folium
2081 725 2134 794 vel

222 853 327 896 ramus
349 831 477 896 exsistit
500 852 605 916 neque
629 829 843 895 dubitandum
868 843 926 911 est,
958 832 1036 917 quin
1066 843 1161 918 poeta
1192 831 1363 897 verborum
1395 831 1657 916 diligentissimus
1688 843 1719 896 et
1743 832 1946 918 proprietatis
1969 834 2003 898 in
2027 832 2135 898 verbis

221 938 485 1003 retinentissimus
509 939 570 1002 ista
599 959 679 1002 voce
712 959 825 1024 parum
856 937 989 1002 delinita
1018 940 1064 1002 uti
1096 960 1157 1002 non
1182 940 1329 1024 potuerit.
1376 938 1411 1004 Si
1442 961 1568 1004 mecum
1599 939 1779 1005 consentias
1812 961 1916 1026 neque
1939 961 2136 1028 quemquam

219 1045 466 1131 discrepiturum
490 1066 559 1110 esse
582 1066 686 1130 spero,
712 1045 774 1108 iarn
798 1046 1002 1132 perspicuum
1027 1057 1075 1111 est
1098 1043 1294 1131 Aeschylum
1319 1067 1380 1111 non
1404 1043 1485 1130 ὄμον,
1510 1045 1565 1112 sed
1583 1045 1650 1118 ὄζον
1667 1046 1841 1133 scripsisse.
1874 1045 1962 1120 Ὄζοι
1986 1046 2137 1116 dicuutur

216 1150 339 1226 νιλόιόοι,
365 1150 549 1238 exquibus
580 1150 738 1237 pullulant
768 1151 951 1236 ramusculi.
997 1151 1238 1239 Theophrastus
1268 1152 1309 1218 H.
1342 1151 1389 1216 Pl.
1417 1161 1455 1216 12
1490 1155 1531 1217 de
1554 1152 1700 1239 partibus
1724 1153 1875 1218 arborum
1899 1163 1932 1220 et
1953 1165 2133 1220 ceterarum

217 1259 402 1346 plantarum
431 1258 582 1345 loquens:
623 1257 818 1344 Ἀκμέμονας
850 1258 883 1322 δὲ
914 1259 994 1339 λέγω
1025 1263 1095 1331 τοὺς
1123 1257 1184 1324 ἀπὸ
1207 1262 1314 1323 τουτου
1337 1259 1468 1342 (καυλοῦ
1493 1269 1526 1323 et
1548 1260 1728 1347 στελέχους)
1753 1263 1964 1346 σχιζομένους,
1989 1260 2042 1334 οὓς
2065 1261 2133 1326 ἔνιοι

220 1366 365 1430 καλοῦσιν
390 1364 485 1438 ὄζους.
533 1363 686 1430 Similiter
716 1365 858 1451 Hesych.
891 1365 951 1431 sub
981 1391 1010 1430 v.
1042 1365 1118 1438 ὄζος.
1165 1366 1297 1431 Aristot.
1326 1365 1405 1432 dicit
1435 1365 1498 1430 ἔστι
1528 1369 1587 1452 γὰρ
1619 1364 1704 1453 ἀρχή
1729 1389 1775 1440 τις
1798 1363 1814 1430 ὁ
1837 1366 1908 1440 ὄζος
1931 1377 1985 1434 τοῦ
2008 1367 2136 1444 ιιλόιδου,

220 1471 286 1558 ἅμα
309 1473 342 1536 δὲ
365 1476 418 1536 καὶ
441 1477 474 1536 τό
498 1477 597 1558 μέσον.
640 1472 699 1537 Est
722 1472 884 1559 quaedam
906 1484 964 1536 τῶν
987 1472 1062 1545 ὄζων
1086 1472 1278 1554 differentia,
1302 1495 1398 1560 quarn
1415 1472 1560 1559 Theoph.
1578 1473 1620 1538 H.
1639 1473 1684 1539 Pl.
1705 1485 1733 1554 l,
1753 1479 1792 1538 13
1811 1472 1859 1538 his
1875 1473 1985 1541 verbis
2008 1487 2136 1540 servat:

220 1577 274 1643 sici
297 1579 330 1643 δὲ
354 1589 412 1642 τῶν
436 1579 512 1651 ὄζων
535 1577 565 1642 οἱ
585 1584 638 1664 μὲν
655 1580 772 1667 τυφλοὶ,
796 1577 824 1644 οἱ
847 1580 880 1643 δὲ
901 1585 1028 1666 γόνιμοι·
1053 1580 1133 1660 λέγω
1158 1580 1191 1644 δὲ
1213 1569 1356 1668 τυφλοὺς,
1380 1579 1434 1668 ἀφ’
1458 1579 1499 1644 ὧν
1521 1579 1631 1669 μηδεὶς
1647 1582 1789 1663 βλαστός·
1814 1578 1895 1646 οὖτοι
1918 1582 1951 1645 δὲ
1973 1585 2028 1646 καὶ
2051 1585 2137 1670 φόοει

218 1689 269 1749 καὶ
292 1689 430 1772 ιτιγρὼοει
452 1690 591 1766 γίνονται.
638 1685 734 1751 Unde
765 1685 845 1750 Plin.
877 1686 920 1751 Η.
953 1697 1018 1754 nat.
1045 1695 1096 1769 16,
1121 1695 1178 1753 30:
1207 1709 1368 1763 ramorum
1400 1687 1500 1775 aliqui
1530 1689 1629 1770 caeci,
1659 1689 1715 1774 qui
1740 1710 1802 1755 non
1825 1690 2017 1773 germinant,
2049 1689 2136 1778 qnod

217 1805 335 1858 natura
357 1791 403 1874 fit,
427 1794 452 1857 si
476 1815 539 1858 non
563 1792 724 1896 evaluere.
772 1793 900 1885 Deinde
924 1793 1068 1882 Theopb.
1095 1795 1173 1860 dicit
1195 1796 1227 1860 in
1256 1794 1380 1860 calamo
1403 1799 1436 1859 τὸ
1460 1800 1530 1875 γόνυ
1561 1818 1630 1861 esse
1654 1797 1802 1882 καθάπερ
1826 1795 1893 1869 ὄζον
1917 1806 1950 1862 et
1971 1793 2013 1870 ὡς
2037 1794 2136 1881 γὰρό

218 1899 287 1972 ὄζος
311 1897 341 1964 ἐν
365 1911 429 1973 τοῖς
453 1896 620 1972 ἄλλοιςό
586 1889 664 1964 ουτοι
688 1904 741 1964 καὶ
771 1898 938 1988 ὀφθαλμὸς
960 1899 991 1965 ἐν
1015 1900 1143 1986 ἀμπέλῳ
1166 1907 1221 1966 καὶ
1250 1900 1281 1966 ἐν
1311 1903 1445 1988 καλάμῳ
1469 1908 1539 1982 γόνυ
1567 1918 1599 1968 et
1622 1901 1682 1968 hac
1706 1902 1938 1988 significatione
1961 1903 2031 1976 ὄζος
2055 1903 2134 1986 Ιουο,

218 2007 259 2072 de
275 2029 339 2094 quo
354 2009 473 2093 agitur,
499 2005 666 2072 adhibitus
682 2019 741 2088 est,
765 2020 813 2082 ut
817 2010 912 2073 etiam
931 2009 1016 2095 apud
1034 2009 1194 2074 llomanos
1217 2009 1331 2088 nodus,
1356 2011 1410 2096 qui
1427 2011 1458 2074 in
1477 2010 1648 2076 arboribus
1665 2012 1844 2098 ceterisque
1861 2011 1978 2098 plantis
1993 2013 2136 2078 eminens

216 2125 249 2178 et
271 2114 383 2179 durior
406 2112 458 2178 ille
481 2113 581 2179 callus
605 2125 663 2195 est,
688 2137 730 2180 ox
754 2137 817 2201 quo
841 2115 922 2179 rami
946 2128 1077 2195 exeunt,
1100 2117 1177 2202 quio
1199 2098 1381 2182 iunctriram
1404 2119 1436 2182 in
1461 2138 1593 2204 corpore
1617 2119 1761 2186 imitatur
1776 2118 1827 2184 vel
1851 2121 1929 2205 quia
1951 2118 2109 2205 lignum
2099 2143 2133 2186 m

218 2243 339 2286 morem
363 2221 439 2286 nodi
463 2233 642 2286 contortum
667 2234 724 2289 est.
772 2221 899 2326 Quibus
924 2222 964 2286 (le
989 2223 1093 2288 causis
1118 2223 1322 2289 scribendum
1347 2243 1479 2290 censeo:
1510 2224 1699 2312 μλογμόςτ’
1723 2223 1956 2312 ὀμματοστερὴς
1939 2237 2079 2314 prorum
2103 2231 2136 2291 τό

219 2331 262 2413 μὴ
279 2339 373 2413 περᾶν
389 2327 457 2400 ὄζον
481 2329 578 2411 λοβῶν
602 2350 632 2395 τι.
649 2351 674 2394 τ.
693 2329 721 2397 λ.
749 2315 857 2406 „millo
880 2329 1011 2395 arbores
1035 2327 1165 2395 laedens
1189 2343 1362 2428 tempestas
1385 2333 1494 2419 spiret,
1519 2331 1551 2397 id
1575 2343 1665 2418 opto;
1688 2355 1750 2397 nec
1772 2332 1846 2398 solis
1870 2333 1966 2399 ardor
1988 2335 2134 2419 germina

219 2457 435 2522 corrumpens,
468 2449 503 2500 ut
534 2447 791 2522 conrumpatur
820 2436 924 2501 nodus
947 2435 1088 2515 folliculi,
1120 2459 1225 2523 neque
1256 2440 1384 2516 omnino
1413 2439 1535 2504 fructus
1560 2439 1697 2525 perdens
1721 2450 1791 2505 ater
1813 2439 1944 2506 morbus
1967 2440 2132 2510 accedatf‘

217 2542 329 2607 Nodus
353 2541 484 2607 folliculi
508 2542 790 2609 circumlocutIone
813 2545 941 2632 poetica
964 2543 1085 2608 dictum
1110 2556 1158 2610 est
1181 2567 1237 2630 pro
1261 2545 1330 2643 ip'io
1355 2544 1495 2610 folliculo
1518 2544 1572 2610 vel
1595 2545 1741 2616 utriculo.

377 2649 470 2714 Haec
493 2674 578 2716 nunc
600 2649 769 2716 sufficiant.
815 2652 899 2717 Nam
922 2653 1000 2716 satis
1023 2674 1075 2716 me
1091 2651 1267 2717 ostendisse
1283 2662 1361 2739 puto
1385 2653 1429 2734 id,
1454 2652 1540 2740 quod
1565 2653 1654 2719 initio
1670 2651 1765 2719 huius
1780 2653 1880 2720 libelli
1903 2654 2045 2742 profiteri
2069 2679 2132 2721 non

215 2755 379 2836 dubitavi,
396 2759 428 2822 in
444 2757 597 2844 Aeschyli
614 2757 790 2841 tragoediis
804 2780 984 2845 superesse,
1008 2757 1049 2822 de
1066 2757 1183 2844 quibus
1200 2761 1391 2840 accuratius,
1408 2781 1506 2846 quarn
1521 2759 1629 2826 adhuc
1644 2761 1764 2826 factum
1780 2763 1831 2847 sit,
1848 2763 1960 2849 quaeri
1976 2773 2132 2850 oporteat.

216 2863 271 2927 De
295 2861 379 2944 loeis,
415 2887 495 2952 quos
518 2867 665 2946 tractavi,
700 2867 769 2930 lieri
800 2867 912 2953 potuit,
949 2877 985 2930 ut
1013 2865 1138 2953 planius
1169 2878 1201 2930 et
1229 2867 1408 2930 accuratius
1439 2889 1664 2952 cognoscerem
1695 2880 1727 2934 et
1755 2870 1987 2951 examinarem,
2022 2869 2136 2935 sedin

216 2969 369 3058 oppidulo
395 2983 502 3037 nostro
526 2973 675 3038 omnibus
699 2972 876 3040 litterarum
893 2974 1062 3061 praesidiis
1086 2973 1462 3061 orbatus,quan1quom,
1487 2997 1544 3040 cur
1567 2976 1651 3040 enim
1676 2998 1739 3042 non
1763 2975 1864 3042 libera
1887 2976 2046 3064 profitear,
2071 2987 2136 3042 tres

215 3077 401 3144 academias
426 3080 470 3144 ita
495 3082 618 3165 rogavi,
641 3091 677 3146 ut
694 3082 814 3145 maiore
831 3080 938 3146 studio
961 3081 1069 3165 rogari
1086 3102 1147 3144 non
1165 3081 1295 3167 possint,
1319 3080 1401 3145 baec
1416 3103 1500 3167 quae
1516 3084 1645 3146 omnino
1669 3105 1742 3147 mea
1766 3105 1835 3149 esse
1853 3105 2002 3150 assevero
2018 3083 2135 3149 diiudi-

216 3183 324 3248 canda
347 3185 449 3251 trado.
497 3186 602 3251 Pravo
634 3189 661 3252 si
692 3209 769 3253 usus
800 3210 870 3252 sum
901 3186 1020 3250 indicio
1051 3186 1214 3252 laudando
1245 3185 1469 3273 improbabilia
1499 3187 1679 3275 probabilia
1702 3190 1839 3255 tacendo
1869 3201 1902 3256 et
1924 3192 1949 3256 si
1973 3213 2030 3276 pro
2055 3192 2135 3256 meis

217 3289 396 3368 venditavi,
426 3315 513 3380 quae
544 3293 676 3359 aliorum
709 3306 793 3375 sunt,
825 3294 944 3358 factum
975 3293 1008 3359 id
1032 3315 1102 3359 esse
1125 3295 1225 3360 inscio
1249 3317 1300 3359 me
1324 3306 1357 3359 et
1379 3296 1479 3360 invito
1510 3295 1660 3362 credatur
1683 3296 1790 3376 velim,
1821 3298 1912 3385 sique
1943 3297 2011 3363 fieri
2035 3299 2136 3386 possit

214 3398 410 3480 ignoscatur.

765 4935 947 4986 Bucbdrucherel
963 4939 1004 4986 dor
1018 4939 1101 4987 Rhetn·
1116 4959 1136 4988 ιι,
1152 4940 1328 4998 tiadhelmus
1341 4945 1365 4987 ln
1380 4945 1436 4988 Lina
1450 4959 1487 4988 arn
1502 4945 1581 4990 iiheiu.
