4728 5556
228 636 417 704 adnotavit:
443 641 476 701 τό
499 635 669 724 Φοίβης’δ’“
687 637 770 724 ὄνομ’
796 637 872 721 ἔχει,
897 636 1035 722 denique
1059 651 1095 704 ut
1126 638 1268 703 breviter
1299 649 1474 722 exponeret
1504 635 1553 700 liis
1577 637 1729 700 contineri
1755 637 1867 702 verbis
1887 643 2141 724 paronomasiam

227 745 383 809 ¹adiunxit
405 747 585 829 παρώνυμον
610 743 666 828 (sc.
693 741 798 830 ῥῆμα).
846 743 884 807 Ιπ
908 743 1083 829 archetypo
1107 745 1205 828 igitur
1228 745 1273 808 ita
1296 743 1449 807 traditum
1473 765 1541 806 esse
1566 757 1659 828 puto:

658 846 780 921 Τιτανὶς
804 849 887 935 ἄλλη
912 861 986 922 παῖς
1009 849 1135 922 Χθονὸς
1157 852 1319 928 καθέζετο,

654 952 796 1019 ΦΟΙΒΗ·
822 955 924 1018 δίδωσι
949 955 1013 1041 δ”ἣ
1037 957 1194 1036 γενέθλιον
1219 955 1299 1020 δόσιν

658 1058 773 1144 Φοίβῳ·
799 1059 851 1124 ΤΟ
876 1059 1032 1124 ΦίίίίίίίΣ
1057 1059 1214 1126 ΔΟΝΟΜ’
1241 1059 1349 1125 EllEl·
1374 1058 1652 1124 lltll’thl'rllllN.

233 1173 349 1234 Postea
364 1167 466 1254 Φοίβη
492 1169 532 1232 ad
557 1167 731 1231 secundam
755 1190 867 1231 versus
890 1167 1074 1254 principalis
1090 1181 1212 1253 partem
1230 1168 1387 1252 pertinere
1411 1165 1589 1252 apparebat
1612 1176 1644 1229 et
1660 1163 1777 1249 Φοίβῳ,
1803 1169 1905 1252 prima
1921 1192 2032 1236 versus
2055 1195 2138 1258 pars,

227 1299 307 1341 cnm
331 1275 522 1360 glossemate
545 1273 812 1357 coniungebatur.
859 1274 991 1360 Triplici
1024 1277 1132 1360 itaque
1156 1273 1360 1339 adnotatione
1390 1273 1590 1354 grammatici
1615 1273 1782 1336 cniusdam
1807 1270 1839 1336 hi
1864 1274 1928 1338 duo
1953 1299 2063 1340 versus
2087 1278 2141 1341 de·

234 1384 360 1468 pravati
384 1395 466 1447 sunt.
515 1380 623 1444 Etiam
645 1390 772 1464 postero
796 1390 939 1464 tempore
962 1379 1083 1444 scholia
1106 1395 1216 1443 vetera
1240 1382 1269 1442 in
1294 1401 1392 1442 unum
1409 1400 1505 1463 saepe
1529 1378 1662 1442 conl'usa
1680 1401 1749 1443 esse
1766 1379 1998 1447 demonstravit
2015 1383 2142 1448 Weckl.

229 1492 266 1554 in
290 1488 383 1568 libro,
408 1511 504 1574 quem
529 1509 628 1573 supra
651 1489 897 1551 commemoravi
915 1483 1039 1574 [Ueber
1062 1487 1114 1551 die
1130 1484 1278 1550 Scholion
1302 1483 1343 1548 ad
1360 1484 1447 1548 Pers.
1464 1507 1496 1546 ν.
1515 1490 1577 1546 296
1595 1496 1627 1546 et
1643 1481 1731 1570 864}
1778 1486 1878 1549 Poeta
1901 1507 1978 1570 ergo
2001 1490 2142 1574 scripsit:

659 1591 927 1676 mmmmm

659 1699 762 1784 λάχει,
787 1699 953 1785 θελοῦσης,
978 1695 1047 1762 οὐδὲ
1073 1702 1148 1782 πρὸς
1172 1699 1238 1779 βίαν
1262 1701 1339 1768 τινὸς

658 1803 779 1876 Τιτανὶς
802 1803 896 1892 ἄλλη,
922 1817 995 1876 ταῖς
1020 1808 1138 1888 χθονὸς
1163 1806 1325 1874 καθέζετο,

658 1909 764 1993 Φοίβῳ
789 1911 888 1974 δίδωσι
914 1910 975 1996 δ’ἢ
1000 1911 1158 1990 γενέθλιον
1182 1909 1273 1986 δόσιν,

660 2017 753 2081 λιπὼν
778 2016 812 2079 δὲ
835 2016 944 2103 λίμνην
967 2038 997 2081 a.
1022 2041 1046 2080 τ.
1072 2018 1100 2082 λ.

394 2123 521 2211 Operae
551 2123 628 2188 mihi
662 2126 798 2209 pretium
829 2146 899 2188 esse
923 2123 1103 2196 videbatur,
1136 2125 1211 2188 istas
1235 2123 1492 2208 interpolationes
1517 2123 1658 2188 nondum
1682 2127 1825 2210 cognitas
1848 2137 1997 2206 tractare,
2026 2127 2142 2212 partim

226 2232 318 2320 «quod
344 2233 498 2296 rationem
530 2243 562 2295 et
594 2230 723 2295 modum
753 2229 944 2294 scholiorum
976 2229 1144 2294 ostendunt
1174 2230 1462 2294 vetustissimorum
1485 2267 1528 2278 -
1552 2232 1684 2294 concisis
1714 2245 1746 2295 et
1773 2233 1915 2298 infractis
1938 2245 2066 2297 exstent
2090 2233 2145 2296 ad·

232 2337 468 2405 notatiunculis.
494 2375 537 2384 -
563 2339 689 2423 partim,
714 2350 749 2401 ut
773 2335 814 2401 ab
830 2335 983 2422 Aeschyli
1007 2335 1183 2400 editoribus
1209 2359 1270 2399 non
1295 2358 1420 2420 semper
1443 2338 1519 2400 eatis
1543 2358 1662 2420 magna
1685 2337 1852 2421 diligentia
1878 2353 1992 2424 poetae
2016 2339 2144 2402 dicendi

231 2467 333 2528 genus
357 2443 567 2508 observatum
592 2467 660 2507 esse
684 2442 943 2508 demonstrarem.

392 2549 457 2614 Sed
488 2549 668 2626 redeamus,
702 2548 789 2613 unde
820 2549 1000 2614 dissertatio
1023 2548 1168 2634 digressa
1191 2560 1248 2613 est.
1295 2547 1369 2612 Duo
1393 2549 1521 2612 suntin
1545 2546 1697 2633 Aeschyli
1730 2571 1802 2614 mss.
1834 2551 1984 2614 vitiorum
2014 2571 2144 2634 genera,

227 2656 367 2722 alterum
405 2655 561 2720 leviorum
603 2655 729 2740 lenique
767 2678 865 2719 manu
897 2639 1169 2740 corrigendorum,
1200 2654 1308 2740 qualia
1338 2655 1425 2739 apud
1456 2675 1565 2718 omnes
1595 2656 1764 2740 scriptores
1795 2666 1975 2736 occurrunt,
2011 2655 2145 2720 alterum

232 2764 415 2846 graviorum
440 2760 598 2846 altiusque
624 2761 840 2834 insidentium,
866 2783 948 2847 quae
973 2773 1005 2826 et
1027 2763 1096 2847 ipsa
1118 2783 1358 2846 nonnumquam
1382 2758 1593 2845 probabiliter
1616 2762 1722 2824 sanari
1744 2773 1884 2846 possunt.
1932 2761 1985 2826 Ad
2008 2762 2146 2847 primum

231 2890 333 2951 genus
355 2889 439 2952 quae
463 2868 632 2952 pertinent.
657 2889 852 2952 quamquam
883 2867 982 2930 multa
1007 2867 1195 2931 iamdudum
1219 2891 1238 2930 a
1262 2867 1338 2930 viris
1362 2865 1463 2930 doctis
1486 2865 1659 2931 emendata
1681 2876 1764 2948 sunt,
1797 2889 1860 2932 non
1884 2887 1990 2954 pauca
2012 2879 2143 2948 restant,

226 2996 316 3060 quae
332 2973 439 3038 littera
453 2995 518 3036 una
535 2985 590 3036 aut
606 2972 707 3037 altera
724 2972 836 3037 addita
851 2972 904 3037 vel
920 2973 1065 3038 detracta
1086 2973 1138 3037 vel
1162 2984 1285 3038 mutata
1308 2974 1341 3034 in
1357 2973 1517 3056 integrum
1533 2973 1657 3036 restitui
1680 2983 1822 3058 possunt,
1845 2985 1882 3037 ut
1896 2973 1984 3036 Pers.
2009 2996 2040 3037 ν.
2066 2981 2144 3037 245:

653 3080 734 3142 δεινά
758 3101 802 3142 το·Ι
825 3079 924 3158 λέγεις
947 3077 1049 3142 ἰόντων
1074 3090 1138 3151 τοῖς
1162 3088 1282 3142 τεκοῦσι

656 3189 822 3272 φροντίσαι.
870 3183 912 3248 Μ.
936 3183 1048 3248 ἰόντων.
1577 3269 1579 3276 ⁴

236 3289 380 3372 „Graves
403 3291 590 3378 parentibus
614 3291 670 3376 (ad
694 3291 825 3370 bellum)
856 3291 1069 3376 profectorum
1101 3315 1193 3357 curas
1223 3299 1411 3358 memoras.“
1461 3292 1533 3373 Quo
1564 3315 1634 3356 cum
1659 3290 1727 3356 loco
1751 3293 1953 3378 participium
1979 3293 2142 3377 praeteriti

232 3396 442 3474 desideretur,
468 3397 520 3461 alii
545 3397 640 3461 aliam
664 3397 864 3482 protulerunt
887 3399 1102 3462 coniecturam
1126 3396 1291 3485 [σῦθόντων
1315 3398 1494 3478 bleinccke,
1527 3401 1662 3480 βεβόντων
1688 3397 1783 3478 Weil.
1815 3404 1938 3462 κιόντων
1961 3395 2143 3467 Wecklein.

227 3503 385 3588 μολόντων
409 3501 621 3590 Ηοίοιεοοίίν].
668 3503 767 3568 Cuius
790 3503 883 3568 verbi
907 3501 1040 3588 (μολεῖν)
1065 3505 1253 3587 significatio
1278 3517 1325 3568 eet
1348 3505 1468 3582 venire,
1493 3506 1539 3568 ire
1563 3504 1743 3589 diciturque
1767 3527 1828 3568 non
1846 3503 1946 3568 solum
1971 3503 2011 3566 de
2036 3503 2143 3580 rebus,

231 3631 315 3693 quae
339 3619 544 3693 exspectatae
568 3608 620 3674 vel
643 3631 705 3674 non
730 3620 936 3695 exspectatae
960 3611 1120 3684 accidunt,
1145 3611 1201 3674 sed
1225 3611 1322 3674 etiam
1347 3609 1387 3674 de
1410 3609 1602 3690 hominibus,
1627 3632 1700 3674 cum
1730 3608 1791 3695 εἶμι
1814 3611 1911 3674 futuri
1935 3609 2138 3694 significatio-

231 3737 305 3778 nem
329 3713 448 3778 habeat
470 3713 552 3801 (ibo)
577 3726 608 3779 et
631 3737 727 3802 saepe
751 3739 824 3780 cum
855 3716 989 3781 aliorum
1021 3717 1135 3780 futuris
1159 3716 1330 3781 verborum
1362 3718 1585 3800 coniungatur,
1618 3738 1821 3801 nequaquam
1845 3733 1954 3781 autem
1978 3715 2141 3802 praeteriti

232 3820 300 3885 loco
323 3820 515 3885 inveniatur.
562 3820 686 3901 Quodsi
710 3821 848 3887 editores
872 3845 934 3888 non
959 3822 1187 3905 neglexissent.
1211 3824 1403 3908 scripturam
1428 3823 1459 3887 in
1485 3822 1527 3886 M.
1552 3822 1704 3886 traditam
1727 3832 1762 3886 ut
1786 3823 1965 3906 reciperent
1986 3821 2054 3883 fieri
2081 3841 2140 3884 non

231 3928 342 4012 potuit.
389 3926 452 3989 Alii
477 3951 550 3992 cum
574 3930 733 3994 notionem
757 3931 850 3994 eundi
873 3932 905 3994 in
922 3931 1109 3994 coniecturis
1125 3941 1276 4014 urgerent
1292 3928 1432 4014 prolatio,
1457 3927 1540 3992 hanc
1565 3930 1629 3992 vim
1654 3930 1751 3992 etiam
1775 3951 1844 3994 esse
1868 3927 2046 3992 subiectam
2069 3927 2140 3990 voci

232 4031 309 4096 εἶναι
333 4031 383 4096 vel
413 4034 518 4118 potius
549 4032 670 4099 ἀπεῖναι
701 4057 763 4098 non
795 4035 1100 4100 animadverterunt.
1138 4035 1185 4110 of,
1210 4036 1273 4118 Ag.
1297 4059 1329 4099 v.
1355 4043 1417 4099 549
1442 4039 1496 4098 καί
1519 4045 1584 4107 πῶς
1608 4032 1742 4099 ἀπόντων
1759 4039 1907 4118 κοιράνων
1925 4033 2020 4116 ἔτρεις
2045 4037 2142 4102 τινάςί

227 4137 344 4203 Omnis
368 4138 540 4204 difficultas
563 4141 682 4206 tollitur
706 4141 876 4206 scribendo
900 4143 982 4204 δεινά
1005 4164 1050 4206 τοι
1063 4143 1162 4222 λέγεις
1186 4138 1391 4205 ΑΠΟΝΤΩΝ
1417 4152 1481 4212 τοῖς
1504 4151 1623 4204 τεκοῦσι
1647 4143 1813 4226 φροντίσαι.
1848 4140 2022 4224 Participia
2037 4137 2139 4201 ἰόντων

232 4257 265 4309 et
287 4243 421 4309 ἀπόντων
446 4246 597 4331 perfacile
620 4249 796 4334 permutari
820 4250 959 4334 potuisse
990 4249 1097 4334 liquet.
1145 4245 1302 4310 Ἀπόντων
1326 4248 1488 4332 praeteriti
1512 4269 1639 4310 sensum
1668 4245 1816 4330 praebet:
1848 4267 1967 4324 eorum,
1992 4246 2048 4329 qui
2072 4266 2141 4328 pro-

232 4351 306 4415 fecti
329 4362 410 4416 sunt.
457 4353 606 4418 Fortasse
629 4351 741 4430 ἰόντων,
771 4355 929 4435 glossema
960 4356 1160 4439 grammatici
1191 4365 1249 4432 est,
1282 4354 1334 4417 coi
1364 4352 1462 4417 eundi
1493 4355 1541 4418 vis
1570 4354 1604 4416 in
1635 4350 1770 4416 ἀπόντων
1803 4373 1864 4416 σοιν
1888 4352 1964 4415 satis
1988 4371 2142 4438 expressa

233 4456 414 4538 videbatur,
439 4459 524 4545 quod
548 4471 659 4546 postea
684 4461 714 4523 in
738 4471 861 4524 textum
887 4463 1021 4547 irrepsit.
1070 4461 1109 4526 ld
1132 4463 1215 4526 euim
1233 4482 1289 4544 pro
1307 4469 1393 4524 certo
1417 4469 1541 4523 constat
1566 4457 1701 4522 verbum
1723 4456 1800 4522 ἰέναι
1821 4458 1968 4534 inveniri,
1993 4478 2057 4542 quo
2081 4456 2139 4517 nisi

228 4585 274 4627 ex
298 4563 556 4629 adnotationibus
581 4564 781 4629 librariorum
806 4565 947 4630 delatum
973 4591 1041 4631 esse
1065 4591 1128 4633 non
1150 4579 1264 4652 potest.
1289 4565 1380 4629 cuius
1404 4566 1450 4628 rei
1475 4564 1665 4628 documento
1689 4565 1730 4627 sit
1752 4562 1894 4648 Choeph.
1918 4586 1949 4625 ν.
1970 4571 2028 4626 74ι
2053 4566 2142 4646 φόνον

232 4669 438 4751 καθαίροντες
454 4668 556 4734 ἰοῦσαν
573 4669 658 4741 ἄταν,
685 4671 739 4737 uhi
764 4685 900 4737 metrum
924 4675 1062 4760 postulat
1084 4673 1289 4746 vocabulum,
1313 4671 1398 4756 quod
1423 4672 1532 4734 cretici
1549 4693 1730 4733 mensnram
1758 4669 1863 4733 habet.
1913 4668 2017 4731 Etiam
2042 4666 2141 4730 latine

228 4788 282 4840 est
305 4774 418 4839 abesse
441 4777 548 4840 multis
572 4778 648 4842 locis
673 4778 758 4842 idem
782 4779 867 4864 quod
891 4803 1025 4865 peregre
1050 4804 1118 4846 esse
1149 4795 1180 4845 ct
1204 4776 1425 4865 proficiscendi
1449 4779 1513 4840 vim
1539 4775 1645 4841 babet.
1671 4775 1718 4842 Of.
1744 4776 1831 4841 Suet.
1857 4775 1928 4838 Tib.
1944 4781 2003 4838 38:
2032 4797 2142 4860 „prae-

231 4896 379 4966 terquam
405 4883 435 4942 in
461 4885 640 4969 propinqua
664 4885 781 4972 oppida
806 4908 969 4973 nunquam
994 4888 1104 4952 afuit.“
