4728 5556
1168 383 1187 454 θ

1077 477 1288 490 —m-—fl

228 595 294 676 Set
317 599 344 673 si
367 597 491 693 χαλκοῦ
506 626 585 670 voce
608 597 718 684 utitur,
741 595 803 668 hoe
818 599 1010 668 vocabulum
1028 625 1089 667 non
1106 603 1175 668 siue
1190 624 1287 668 causa
1302 603 1440 689 positum
1464 625 1533 668 esse
1551 611 1672 668 certum
1689 611 1746 668 est.
1786 599 1833 668 Αο
1849 600 1988 692 primum
2005 601 2135 694 quidem

228 713 429 778 conferamus
452 713 640 798 scriptorum
672 709 756 776 locos
786 709 954 795 quosdam,
986 708 1041 773 ubi
1069 709 1110 774 de
1140 708 1275 774 metallis
1298 709 1459 795 tingendis
1482 732 1587 775 sermo
1617 719 1676 776 est.
1723 708 1913 775 Plutarchus
1943 712 1984 776 de
2008 710 2135 778 defectu

228 841 312 886 orac.
336 817 418 906 (cap.
444 817 537 903 IXL)
562 841 593 904 p.
614 823 679 880 433
704 816 735 880 Α
757 825 984 903 perscrutatur,
1016 816 1102 881 unde
1131 819 1265 884 exsistat
1288 816 1443 881 divinatio
1474 827 1508 882 et
1538 815 1606 881 lieri
1629 837 1722 904 posse
1752 816 1840 897 dicit,
1871 825 1907 881 ut
1929 817 2134 904 perfricando

228 927 334 1004 animo
367 937 401 990 et
417 923 653 1008 trefrigeraudo
688 923 737 988 uis
772 922 882 988 divina
917 921 1045 1002 evadat,
1081 921 1237 1008 additque
1271 933 1453 1008 comparate
1495 923 1592 988 etiam
1630 922 1750 987 ferrum
1784 924 1969 988 immersum
2003 922 2130 990 durari:

227 1028 395 1096 τούναντίον
418 1031 521 1094 πάλιν·
537 1025 588 1108 αὖΙ
606 1028 765 1112 ιττριψίνξειι
786 1031 840 1092 τινί
863 1032 916 1092 καί
945 1031 1094 1092 πυκνώσει
1119 1039 1169 1094 τοῦ
1193 1033 1363 1114 πνευματος
1385 1027 1451 1094 οἷον
1474 1031 1556 1115 βαργγ
1581 1029 1705 1116 αιῦψρου
1729 1033 1762 1093 τὸ
1784 1035 2006 1113 προγνωστικὸν
2030 1036 2143 1116 μόριον

228 1135 402 1218 ἐγγίνεσθαι
418 1134 651 1222 (Wyttenbach
667 1133 867 1220 ἐντείνεσθαι)
879 1137 933 1198 καί
944 1137 1135 1220 στομοῦσθαι
1149 1147 1205 1223 της
1221 1139 1324 1223 ψυχης
1336 1131 1393 1200 οῦκ
1408 1132 1554 1198 ἀδῦνατόν
1570 1133 1658 1199 ἐστιν.
1697 1135 1734 1200 Iu
1751 1157 1821 1222 cap.
1836 1135 1904 1200 XX
1916 1135 1989 1201 libri
2001 1141 2068 1220 περί
2081 1146 2133 1201 τοῦ

226 1248 347 1328 πρώτου
370 1248 490 1328 ψυχροῦ
515 1243 593 1306 dicit
614 1240 757 1306 homiues
780 1253 901 1307 aestate
925 1243 1008 1306 a'eris
1029 1243 1112 1306 ruris
1136 1242 1248 1308 avidos
1272 1264 1351 1321 esse,
1375 1242 1462 1328 quod
1479 1243 1511 1306 ui
1533 1243 1567 1305 in
1590 1254 1675 1307 terra
1690 1244 1794 1328 posita
1809 1241 1942 1307 duretur
1958 1254 1994 1308 ut
2010 1243 2145 1308 ferrum*-

227 1349 398 1434 tingeudo:
422 1348 484 1413 εἴθ’
501 1345 593 1420 αὖθις
609 1346 640 1412 ἐν
656 1349 742 1431 θέρει
758 1351 807 1412 τὸν
823 1359 936 1435 γηγενῆ
959 1352 1013 1410 καί
1028 1359 1174 1433 χερσαῖον
1188 1344 1245 1413 ὑπὸ
1260 1351 1419 1432 καῦματος
1442 1349 1600 1433 ποθοῦμεν
1623 1343 1679 1412 οὐκ
1703 1344 1791 1412 αὐτὸν
1815 1347 1887 1413 ὄντα
1910 1353 2025 1434 ψυχρὸν
2049 1347 2147 1412 ἀλλὰ·

227 1467 279 1522 τοῦ
303 1459 388 1543 φῦσαι
412 1459 529 1540 ψυχροῦ
552 1458 606 1518 καί
629 1457 755 1538 πρώτως
779 1451 1047 1537 ἀποβλαστάνοντα
1070 1458 1124 1519 καί
1146 1456 1396 1541 βεβαμμένον
1420 1449 1477 1518 ὑπὸ
1500 1465 1557 1542 τῆς
1579 1451 1611 1518 ἐν
1638 1461 1677 1540 γῇ
1709 1455 1865 1540 δυνάμεως
1894 1449 1996 1539 ὥσπερ
2027 1458 2148 1541 βαργγ*

227 1561 405 1652 σίδηρον.
451 1561 504 1626 Ad
527 1560 613 1648 quod
636 1561 677 1625 ef.
1322 1569 1326 1576 ’
2050 1559 2053 1566 “

385 1666 549 1755 Sophoclis
570 1665 622 1734 Δί.
646 1688 678 1732 ν.
703 1672 767 1732 650
788 1689 853 1753 sq.:
952 1719 956 1731 .

372 1771 472 1856 ,κάγὼ
495 1775 564 1856 γὰρ,
587 1774 623 1846 ὃς
645 1775 682 1840 τὰ
707 1771 779 1836 δείν’
803 1771 985 1858 ἐκαρτέρουν
1008 1779 1085 1850 τότε,

387 1881 491 1967 βαφῇ
514 1879 680 1966 σίδηρος
704 1879 747 1952 ὣς
770 1877 951 1966 ἐθηλῦνθην
976 1887 1073 1966 στῦμα
1098 1879 1111 1968 ll
1135 1885 1211 1966 πρὸς
1225 1893 1290 1970 τῆς
1313 1883 1347 1946 δὲ
1370 1895 1428 1972 τῆς
1451 1889 1603 1964 γυναικός.

250 2037 253 2046 .
304 2016 316 2051 ,·
360 1985 431 2050 Ἐκ
454 1985 759 2054 domunculis
789 1984 869 2056 haee
899 1997 1008 2052 notata
1038 1987 1145 2052 velim.
1191 1988 1330 2053 Proetus
1345 1990 1379 2053 in
1409 1989 1637 2056 commentario
1661 1989 1702 2054 ad
1727 1988 1860 2054 Hesiodi
1884 1999 2037 2076 cperaet
2064 1989 2136 2053 dios·

229 2100 291 2159 142
302 2117 315 2168 a
334 2095 402 2176 περί
424 2095 559 2177 τὴντῶν
581 2089 692 2156 ὅπλων,
707 2095 900 2178 κατασκευὴν
925 2092 1069 2178 διέτριβον
1089 2097 1146 2168 Ικαί
1169 2105 1211 2177 τῷ
1234 2095 1347 2179 χαλκῷ
1370 2099 1446 2180 πρὸς
1469 2105 1557 2160 τοῦτο
1573 2095 1707 2181 ἐχρῶντο
1723 2094 1765 2168 ὡς
1780 2107 1822 2178 τῷ
1839 2096 1956 2182 σιδήρῳ
1979 2099 2056 2179 πρὸς
2080 2118 2148 2176 γε-·

227 2179 354 2284 ωργίαν,
368 2199 419 2272 διά
434 2220 539 2278 τινος
560 2200 690 2287 βαφῆς
714 2203 762 2264 τὸν
779 2199 938 2284 χαλκὸν
962 2195 1233 2284 οτερβοποιοῦντες,
1249 2212 1282 2266 et
1296 2200 1484 2267 Eustathius
1500 2202 1542 2267 ad
1558 2203 1654 2268 Hom.
1671 2202 1764 2267 lliad.
1782 2203 1912 2268 Ill-eae
1929 2226 1959 2289 p.
1978 2210 2038 2266 421
2045 2217 2057 2283 ,'
2073 2209 2131 2266 13:

226 2305 264 2394 ἠν
276 2308 334 2390 γὰρ
350 2302 401 2369 ὅτε
417 2305 575 2390 χαλκὸς
590 2306 842 2389 βαπτόμενος
858 2302 1021 2390 ἐστομοῦτο
1036 2309 1113 2389 πρὸς
1127 2309 1167 2370 τὰ
1180 2304 1273 2384 ὅπλα,
1290 2319 1323 2373 et
1337 2307 1378 2372 ad
1396 2308 1487 2374 lliad.
1499 2308 1527 2390 I,
1541 2315 1604 2374 236
1617 2331 1648 2396 p.
1666 2315 1726 2374 93:
1743 2307 1875 2396 ὁπηνίκα
1891 2309 1948 2395 (sc.
1965 2309 2133 2393 χαλκός)

227 2410 272 2485 alc
295 2411 420 2498 σιδήρου
443 2415 550 2498 χρείαν
573 2407 735 2494 ἐβάπτττογ
760 2409 962 2497 deniquecl'.
979 2411 1115 2477 Taetaes
1138 2413 1181 2478 ad
1204 2413 1282 2480 Hes.
1306 2436 1379 2501 opp.
1404 2425 1436 2480 et
1459 2414 1514 2479 dd.
1540 2422 1614 2480 142.
1660 2415 1824 2480 Postremo
1847 2414 1925 2479 milri
1951 2414 2148 2497 attingendi

227 2517 496 2598 videntumflom.
520 2541 552 2583 v.
576 2515 694 2604 Odyss.
718 2515 779 2599 IX,
810 2523 890 2582 391:
920 2513 964 2591 ὡς
987 2515 1015 2580 δ’
1038 2515 1082 2582 ὅτ’
1107 2516 1348 2605 ἀνὴρχαλκτῦς
1370 2520 1542 2585 callauda
1569 2525 1666 2607 μέγαν
1688 2517 1726 2606 ἠὲ
1749 2525 1916 2603 σκέπαρνον
1942 2517 1957 2606 ll
1982 2517 2034 2583 alu*
2048 2516 2149 2582 ilari·

226 2628 334 2710 ψυχρῷ
357 2624 485 2711 βάπτῃ
509 2624 631 2709 μεγάλα
653 2621 784 2709 ἰάχοντα
801 2619 814 2712 ψ
832 2628 1030 2710 φαρμάσσων.
1054 2644 1082 2690 κ.
1100 2647 1126 2692 τ.
1143 2625 1173 2690 λ.
1218 2624 1271 2690 Ex
1295 2626 1344 2706 iis,
1368 2649 1451 2713 quae
1475 2626 1576 2708 attuli,
1601 2626 1756 2713 exemplis
1779 2627 1856 2691 satis
1880 2634 2015 2712 apparet
2038 2626 2136 2710 scrip-¹

226 2745 322 2812 tores,
343 2728 537 2818 ⁴ubicunque
550 2729 825 2810 rdemetallorum
857 2731 995 2795 tinctura
1023 2730 1136 2817 (βαφή)
1163 2753 1266 2798 sermo
1295 2743 1353 2813 est,
1383 2733 1545 2798 notionem
1576 2731 1728 2800 οοκᾱονιιίί
1749 2729 2008 2816 intellegivelle.
2053 2729 2135 2796 Cum

227 2837 298 2904 aliis
330 2836 414 2918 locis
446 2837 563 2902 diserta
598 2836 780 2918 adnotatur,
814 2837 945 2918 serrum,
981 2847 1155 2923 autequam
1189 2839 1374 2922 intingatur,
1407 2838 1590 2919 candefieri,
1622 2850 1659 2904 ut
1693 2837 1779 2924 apud
1814 2837 1975 2903 Plutarch.
2007 2847 2134 2923 quaest.

226 2945 353 3026 conuiu.
378 2942 477 3026 vm,
493 2951 524 3010 o.
549 2949 580 3009 3.
604 2966 636 3030 p.
651 2950 726 3022 -734,
748 2943 778 3008 Α
801 2953 836 3008 et
857 2942 944 3031 apud
975 2943 1076 3011 Philo.
1104 2943 1176 3010 Iud.
1208 2943 1250 3008 de
1275 2946 1407 3010 somniis
1437 2947 1462 3025 I,
1494 2953 1512 3010 6
1544 2947 1573 3009 A
1604 2945 1621 3010 I
1650 2967 1681 3032 p.
1707 2939 1781 3008 625⁸.
1808 2952 1852 3008 13
1878 2946 2150 3027 Pausaniamque·

226 3050 329 3135 (Ito,
340 3052 372 3134 3)
398 3053 446 3124 τὸν
468 3047 638 3135 Κορίνθιον
653 3049 811 3136 χαλκὸν
835 3048 1027 3134 διάπυρον
1049 3053 1103 3114 καί
1126 3051 1242 3136 θερμὸν
1265 3051 1337 3115 ίίντα
1358 3047 1414 3116 ouo
1436 3049 1546 3124 ὕδατος
1567 3055 1671 3116 τοῦτου
1687 3049 1936 3137 (scollaudum)
1964 3039 2148 3131 βὀίπτεσθαν

227 3157 374 3238 λέγουσιν,
404 3155 484 3229 nihil
506 3155 596 3221 aliud
617 3156 693 3222 inde
717 3156 864 3238 efficitur,
895 3177 993 3242 quam
1021 3166 1057 3222 ut
1086 3158 1257 3243 scriptores
1278 3158 1439 3222 notionem
1461 3157 1678 3242 πεπυρωμένος
1701 3171 1861 3243 apponere
1880 3155 2048 3236 potuerint,
2072 3148 2148 3219 ιιοιι1

227 3264 411 3348 debuerint..
441 3261 633 3351 Quicunque
655 3262 734 3328 talia
747 3261 859 3338 ,uerba
880 3261 1022 3346 legebat,
1032 3311 1035 3320 ,
1046 3260 1134 3332 haud
1150 3262 1279 3328 difficile
1294 3265 1455 3350 scriptoris
1470 3277 1609 3328 merrtem
1627 3264 1755 3350 assequi
1778 3263 1907 3348 potuita
1924 3263 2132 3326 ¹Pernimium

229 3380 337 3454 autem
360 3370 500 3448 interest,
514 3371 606 3448 inter,
619 3370 754 3452 {mat
767 3371 858 3446 ορατ
873 3369 1053 3435 tincturam.
1092 3369 1249 3436 Constans
1271 3369 1402 3457 quidem
1425 3370 1530 3456 opinio
1546 3380 1595 3434 est
1618 3367 1712 3456 apud·
1729 3365 1876 3454 antiquos
1899 3390 1954 3432 aes
1976 3369 2065 3453 prins
2088 3371 2147 3430 in·-

227 3486 360 3542 ventum
382 3487 415 3542 et
437 3478 469 3541 in
494 3499 554 3542 usu
576 3478 674 3542 fuisse
698 3499 796 3564 quam
819 3475 939 3541 semum
964 3487 996 3544 et
1017 3477 1137 3563 priseos
1152 3476 1302 3541 mortales
1325 3487 1427 3542 artem
1443 3477 1631 3560 cognovisse
1654 3475 1736 3540 aeris
1760 3472 1909 3554 durandi,
1934 3482 1968 3537 ut
1991 3473 2133 3537 acutissi-

228 3605 315 3648 mum
339 3585 459 3668 pariter
480 3585 687 3672 maximeque
710 3583 861 3664 idoneum
884 3583 976 3652 fieret
999 3582 1040 3648 ad
1064 3585 1274 3670 instrumenta
1297 3585 1415 3648 rustica
1438 3593 1470 3648 et
1492 3581 1569 3647 belli
1599 3581 1638 3649 cf.
1663 3581 1742 3648 Hes.
1765 3579 1828 3666 ἔργ.
1855 3583 1935 3644 149:
1967 3589 2031 3650 τοῖς
2055 3576 2082 3640 δ’
2097 3575 2135 3663 ἠν

226 3689 353 3775 χάλκεα
371 3693 487 3775 τείχεα
510 3709 539 3764 tt.
564 3691 644 3759 ul.
690 3691 807 3759 Postea
830 3693 947 3756 amissa
969 3691 1076 3754 nescio
1100 3711 1163 3774 quo
1187 3709 1265 3754 casu
1287 3699 1356 3754 arte
1378 3688 1515 3754 durandi
1539 3711 1594 3754 aes
1618 3699 1651 3754 et
1674 3685 1812 3752 acuendi
1841 3677 2134 3750 ferrum'duratum

227 3817 282 3874 eos
305 3793 501 3872 adhibuisse.
548 3796 614 3883 (De
637 3796 699 3864 hac
722 3821 757 3870 re
780 3798 1019 3864 accuratissime
1042 3797 1149 3879 agitur
1170 3796 1203 3860 in
1226 3794 1324 3860 libro:
1358 3795 1521 3876 Blitmner,
1550 3793 1768 3878 Technologie
1791 3791 1872 3856 ,unc
1899 3787 2153 3870 Terminologie'

227 3901 470 3977 der=Gewerbe
492 3903 559 3972 und
583 3904 729 3970 Kuenste
751 3903 806 3972 bei
829 3902 990 3970 Griecheu
1013 3902 1080 3968 und
1103 3902 1241 3966 Romam
1265 3901 1323 3982 IV,
1346 3925 1386 3989 p.‹
1403 3899 1580 3986 333-37).
1626 3900 1692 3966 Iste
1723 3897 1811 3964 error
1841 3891 2134 3972 remoueudus'est,

227 4021 260 4097 et
282 4020 409 4086 veteres
431 3995 557 4093 inscios,
581 4025 617 4078 ut
640 4035 691 4080 res
715 4034 749 4080 se
772 4010 917 4090 haberet,
941 4009 1026 4074 idem
1052 4008 1145 4096 quod·
1162 4008 1202 4073 de
1227 4010 1365 4073 tinctura
1387 4008 1463 4072 ferri
1487 4015 1648 4072 constaret
1671 4006 1768 4072 etiam
1792 4003 1833 4069 ad
1858 4001 2154 4066 assistiueturam.

230 4115 625 4190 transtulisse-uerisimile
649 4141 720 4190 esse
742 4117 880 4186 videtur.
926 4117 1066 4182 Ferrum
1092 4117 1176 4180 enim
1211 4137 1296 4202 aqua
1319 4114 1468 4180 obrutum
1501 4113 1645 4192 duratur,
1669 4111 1727 4176 sed
1751 4133 1806 4176 aes
1829 4108 1881 4174 vel
1902 4109 1938 4172 id
1961 4105 2156 4182 metallum,

228 4223 314 4310 quod
338 4235 463 4302 constat
486 4247 529 4290 ex
552 4248 626 4300 aere
650 4235 682 4290 et
697 4222 824 4292 cadmia
840 4223 890 4288 vel
916 4247 1000 4303 aare,
1024 4233 1137 4288 stan-uo
1160 4221 1294 4308 aliisque
1310 4220 1464 4286 admixtis
1485 4219 1569 4285 αιιίίο
1584 4221 1671 4285 inodo
1696 4217 1806 4282 durari
1828 4225 1950 4302 potest3
1973 4217 2154 4277 interirem-¹

228 4337 292 4394 tura
314 4341 437 4406 maaet,
481 4329 603 4412 Quodsi
634 4330 758 4398 inhoc
788 4353 883 4396 versu
914 4332 1010 4416 βαραί
1042 4327 1213 4393 adhibetur·
1242 4350 1305 4394 non
1335 4329 1429 4414 βαφή,
1460 4325 1578 4390 ιιιιίίίιιο
1601 4325 1847 4403 momentosas,
1878 4343 1953 4384 nam
1984 4329 2082 4406 poeta
2104 4315 2135 4381 id

229 4436 350 4502 dictum
374 4461 443 4504 esse
467 4438 537 4504 vult
560 4437 602 4502 de
625 4439 742 4504 iterum
765 4461 804 4504 ac
827 4438 954 4523 saepius
979 4459 1053 4502 aero
1077 4435 1240 4518 tingendo.
1287 4433 1321 4498 Si
1345 4443 1431 4497 recte
1448 4434 1594 4518 exposita
1609 4441 1692 4510 srrnt,
1716 4451 1799 4517 quae
1817 4427 1968 4506 diximus,
1985 4447 2055 4490 >non
2078 4435 2134 4502 est,

229 4565 287 4608 cur
310 4542 363 4608 alii
378 4544 517 4622 editores
533 4545 733 4610 coniecturas
750 4543 870 4608 faciant
893 4542 1115 4628 ineptissimas,
1141 4539 1195 4604 alii
1218 4541 1408 4604 sententiam
1425 4538 1474 4604 his
1490 4538 1597 4603 verbis
1613 4537 1801 4616 attribuant,
1824 4539 1910 4622 quae
1926 4555 1988 4597 non
2013 4553 2135 4596 accom-

229 4649 360 4718 modata
383 4666 457 4728 est„
487 4649 885 4738 Saepissime.Aeschylus
908 4648 1062 4714 similibus
1084 4648 1184 4712 utitur
1206 4669 1269 4711 non
1293 4646 1348 4726 ita,
1372 4656 1409 4711 ut
1430 4645 1575 4710 sensibus
1600 4642 1752 4708 etoe'ulis
1769 4663 1871 4728 paene
1896 4639 2065 4719 subiiciat,-
2080 4635 2156 4701 sed·

228 4769 263 4822 at
287 4758 479 4840 cogitatione
503 4759 564 4824 sihi
580 4758 682 4842 fingat
704 4757 813 4837 lector,
837 4779 921 4844 quae
936 4757 1058 4842 species
1080 4755 1112 4818 in
1137 4757 1251 4840 poetae
1275 4761 1380 4817 mente
1402 4761 1531 4817 versata
1554 4751 1603 4815 sit.
1651 4748 1871 4814 Pulcherrima
1894 4748 1997 4830 igitur·
2013 4743 2073 4825 his,
2090 4743 2159 4807 -de⁸

228 4863 345 4950 quihus
369 4865 486 4949 agitur,
511 4865 669 4944 versibus,
693 4865 888 4951 comparatio
911 4863 1105 4927 continetur:
1145 4859 1192 4924 Ut
1214 4882 1269 4924 aes
1293 4881 1355 4923 non
1379 4855 1473 4946 [sicut
1489 4853 1620 4943 ferrum]
1646 4854 1816 4920 inmittitur
1838 4855 1870 4917 in
1897 4873 2027 4938 ¹autrum,
2053 4849 2138 4936 quod

227 4969 312 5036 rurllo
337 4971 451 5036 effectu
476 4983 523 5036 est
539 4971 675 5061 ideoque
701 4973 782 5036 aeris
806 4971 975 5034 tincturum
999 4991 1060 5034 non
1078 4989 1245 5050 cognosco,
1270 4965 1321 5030 uel
1345 4976 1379 5028 ut
1395 4988 1450 5029 aes
1467 4987 1551 5052 aqua
1566 4963 1716 5028 obrutum
1733 4959 1820 5026 nullo
1840 4959 1934 5024 modo
1953 4957 2135 5044 attingitur,
