4728 5556
1171 441 1189 498 5

232 648 394 725 „Primum
415 646 565 712 »omnium
600 645 733 711 daorut'n
764 645 813 711 his
841 645 990 733 precibus
1021 669 1156 712 veneror
1186 646 1357 718 Tellurem,
1393 627 1529 733 primam
1558 656 1679 724 vatem,
1723 646 1846 712 deinde
1877 645 2024 725 Themin,
2056 668 2144 732 quae

230 752 369 818 secundo
403 751 472 818 locu
508 753 617 816 matris
658 751 822 816 oraculum
856 751 917 816 hoo
946 755 1086 817 tenuhse
1120 751 1228 816 fertur.
1276 752 1418 816 Tertiam
1449 765 1557 818 autem
1591 754 1695 817 vicem
1733 752 1887 832 obtinuit,
1920 751 1974 815 illa
2008 751 2143 838 quidem

229 859 365 938 volente,
390 857 477 924 hand
502 859 533 921 vi
558 881 577 922 a
600 880 763 944 quoquam
791 868 911 938 coacta,
943 856 1006 922 alia
1029 858 1162 938 Titanis,
1193 857 1314 924 Terrae
1341 857 1415 936 lilia,
1447 857 1588 938 Phoebe,
1615 881 1704 946 'qnae
1736 881 1852 924 munus
1877 857 1982 922 natale
2006 856 2138 922 Phoebo

229 963 334 1046 dedit,
359 963 447 1050 (hoc)
471 962 617 1028 Phoebes
640 987 756 1028 nomen
780 963 879 1029 hahet
894 964 1197 1029 denominativum.“
1238 963 1310 1044 Quo
1332 966 1436 1048 magis
1452 977 1605 1028 versuum
1620 977 1732 1030 sensus
1756 976 1876 1050 pateat,
1901 962 1961 1028 hoc
1985 963 2141 1028 adnotare

228 1069 333 1135 velim.
382 1068 521 1151 Quintus
544 1093 565 1134 a
588 1068 686 1134 natali
710 1070 778 1134 dies
801 1093 892 1134 sacer
915 1083 947 1134 et
970 1070 1068 1134 festus
1091 1069 1162 1150 fuit,
1185 1093 1249 1157 quo
1264 1070 1420 1135 infantem
1435 1083 1562 1154 gestare
1577 1073 1662 1134 circa
1678 1070 1786 1134 focum
1803 1082 1835 1135 et
1849 1068 1988 1133 Laribus
2004 1067 2136 1132 solemni

228 1177 301 1240 ritu
320 1176 472 1241 dedicare
494 1183 730 1240 consueverunt
753 1175 887 1258 Graeci3
917 1176 1004 1262 quod
1034 1177 1150 1240 festum
1180 1175 1358 1242 vocabatur
1387 1173 1582 1262 ἀρφιδρόμια
1611 1198 1632 1241 a
1653 1197 1744 1240 sacro
1776 1177 1863 1239 circa
1894 1174 2000 1238 focum
2030 1195 2137 1238 cursu.

228 1281 318 1345 Idam
344 1282 413 1346 dies
443 1283 598 1346 infantem
631 1285 756 1347 ornavit
788 1284 963 1347 amicornm
994 1283 1095 1364 donis,
1125 1305 1210 1369 quae
1233 1281 1422 1348 dicebantur
1453 1283 1552 1355 δόσεις
1573 1282 1738 1363 γενέθλιοι.
1786 1281 1922 1345 Decimo
1947 1279 1999 1344 dia
2023 1302 2140 1344 nomen

228 1385 377 1466 dabatur,
401 1388 443 1452 ab
467 1410 528 1452 avo
552 1387 741 1474 plerumque
771 1400 963 1469 mutuatum,
993 1388 1080 1476 quod
1111 1400 1235 1454 conant
1265 1412 1307 1454 ex
1329 1387 1491 1474 Aristoph.
1515 1387 1600 1456 Nuh.
1626 1395 1677 1466 65,
1710 1387 1752 1451 ad
1776 1409 1873 1472 quem
1895 1387 2001 1450 locum
2026 1387 2140 1451 videas

227 1503 333 1558 tamen
358 1493 588 1578 spanhemium
612 1495 769 1580 exemplis
792 1495 980 1581 probantem
1005 1517 1245 1581 nonnumquam
1269 1505 1301 1560 et
1324 1496 1422 1582 patris
1445 1517 1563 1560 nomen
1585 1493 1769 1558 adhaesisse
1793 1493 1866 1559 lilio.
1891 1529 1936 1540 -

388 1597 494 1664 Etiam
525 1600 558 1664 in
590 1598 639 1664 his
669 1600 818 1666 versibus
848 1603 1014 1688 complura
1042 1615 1125 1682 sunt,
1155 1624 1249 1689 quae,
1273 1603 1300 1667 si
1323 1603 1395 1690 quis
1418 1600 1545 1685 singula
1565 1603 1740 1680 examinet,
1765 1599 1979 1686 vituperanda
2003 1621 2071 1664 essa
2094 1599 2145 1662 in—

227 1703 357 1789 telleget
380 1718 411 1769 et
433 1707 551 1792 partim
575 1706 731 1771 eiusmodi
761 1729 840 1788 asse,
873 1730 957 1793 quaa
989 1732 1087 1794 supra
1109 1709 1150 1774 da
1173 1707 1418 1795 interpolatione
1440 1709 1474 1771 in
1497 1707 1602 1772 Persis
1625 1706 1721 1786 facta,
1753 1707 1899 1792 exposui.
1947 1705 1984 1771 Id
2009 1705 2141 1792 quidem

227 1809 394 1875 Dindorfio
418 1811 659 1877 concedendum
684 1824 741 1895 est,
765 1811 964 1900 Aeschylum
987 1814 1124 1880 multum
1146 1815 1243 1880 fuisse
1267 1815 1299 1878 in
1323 1814 1554 1902 paronomasiis
1569 1811 1789 1891 observandis,
1814 1812 1858 1877 ad
1881 1811 1967 1899 quod
1991 1810 2141 1896 exempla

227 1919 293 1983 iam
322 1917 424 1999 attuli,
457 1929 489 1982 et
518 1914 637 2001 Φοῖβος
661 1941 775 1985 noman
810 1943 831 1984 a
861 1918 963 2007 Φοίβη
994 1921 1176 1986 derivatum
1207 1921 1299 2000 vella,
1330 1919 1387 1985 sad
1418 1921 1514 1985 etiam
1545 1918 1713 1983 fatendum
1735 1927 1785 1982 est
1815 1931 1944 2004 poetam
1980 1939 2140 2004 nusquam

229 2025 495 2110 paronomasiam,
524 2024 578 2091 rel
605 2026 692 2112 quod
722 2026 808 2092 idem
839 2027 907 2094 fere
938 2039 986 2092 ast
1007 2028 1217 2115 periphrasin,
1250 2028 1394 2112 apposito
1427 2026 1554 2091 nomine
1577 2026 1704 2112 proprio
1728 2022 1929 2109 explicuisse.
1977 2021 2138 2108 Equidem

228 2129 350 2196 nullum
373 2132 482 2196 iuveni
506 2130 701 2218 exemplum,
736 2133 794 2198 sed
824 2131 1007 2220 ubicunque
1036 2133 1071 2198 id
1100 2135 1221 2198 lactum
1251 2145 1310 2212 est,
1342 2131 1563 2197 additamenta
1592 2132 1875 2216 grammaticorum
1906 2141 2016 2211 arant3
2049 2139 2144 2214 poete,

229 2237 332 2322 potius
355 2235 397 2301 de
421 2235 580 2302 industria
603 2238 710 2304 verbis
740 2240 806 2304 suis
837 2238 1066 2305 obscuritatem
1095 2238 1257 2327 quandam
1288 2238 1450 2303 obducere
1481 2235 1569 2302 solet.
1617 2235 1712 2316 Quod
1736 2237 1857 2322 siquis
1881 2234 2020 2315 dubitet,
2045 2234 2143 2299 docu-

229 2353 335 2408 mento
359 2345 401 2408 sit
422 2343 510 2408 Pars.
535 2365 565 2409 v.
593 2349 657 2410 760
680 2355 712 2410 at
734 2367 781 2431 sq.
808 2353 887 2413 761.Ι
928 2345 1056 2411 Dareus
1079 2345 1120 2411 de
1142 2346 1315 2410 Persarum
1337 2345 1429 2429 regni
1451 2344 1542 2407 initio
1565 2341 1761 2426 regibusque
1782 2339 1917 2426 loquens
1943 2339 2036 2406 dicit:

654 2449 765 2538 Μηδος
788 2455 846 2536 γὰρ
870 2450 945 2540 ἦν’
932 2471 948 2517 ο
971 2463 1090 2536 πρῶτος
1113 2451 1233 2541 ἡγεμὼν
1257 2459 1395 2535 στρατοῦ.

654 2555 752 2630 ἄλλος
775 2556 836 2622 δ’
825 2562 943 2623 casiaco
965 2569 1040 2632 παῖς
1063 2557 1124 2622 τόδ’
1148 2557 1234 2641 ἔργον
1256 2556 1375 2644 ἤνυσεν.

228 2607 304 2724 Post
327 2660 406 2726 haec
430 2660 633 2748 Siabellisp.
659 2669 720 2728 131
745 2685 815 2750 sqq.
839 2663 1060 2730 collocandum
1083 2665 1206 2730 cenauit
1228 2685 1367 2744 versum,
1392 2665 1448 2751 qni
1472 2665 1503 2728 in
1526 2662 1616 2728 libris
1640 2671 1710 2748 post
1731 2685 1763 2729 v
1790 2670 1852 2727 767
1876 2662 2009 2744 legitur:

228 2771 337 2853 uptus:
357 2768 416 2850 γὰρ
440 2763 531 2832 αὐτοῦ
555 2770 670 2854 θυμὸν
677 2766 916 2857 οίακοοτρυφουν
939 2793 1003 2836 non
1025 2771 1132 2852 modo,
1163 2769 1249 2858 qued
1272 2769 1325 2836 hic
1356 2793 1465 2834 versus
1496 2769 1652 2853 originem
1682 2769 1818 2832 nominis
1842 2767 2054 2854 Artaphernis
2084 2789 2143 2831 ex·

229 2872 348 2958 plicare
380 2872 560 2953 videratur,
587 2873 643 2940 sed
675 2877 772 2941 etiam
802 2876 889 2963 quod
919 2875 1090 2943 scholiasta
1119 2899 1194 2944 aum
1223 2875 1267 2941 ad
1295 2874 1377 2940 illud
1403 2897 1520 2940 noman
1552 2873 1683 2939 rettulit.
1730 2875 1814 2938 Nam
1845 2872 1888 2939 ad
1916 2872 2018 2939 verba
2040 2870 2144 2946 ἄλλος

229 2977 257 3040 δ’
273 2975 388 3044 ἐκείνου
411 2989 485 3052 παῖς
507 3004 538 3045 v.
558 2987 619 3046 767
643 2979 726 3049 haec
740 2984 774 3047 iu
789 2982 834 3050 M.
858 2982 1020 3069 adscripta
1042 2995 1116 3049 sunt
1138 2981 1274 3048 scholia:
1299 2978 1316 3046 d
1332 2980 1546 3068 Ἀρταφέρνης
1561 2978 1592 3052 ἐξ
1608 2978 1818 3064 ἐτυμολογίας,
1835 2991 1868 3045 et
1881 2977 1899 3044 d
1914 2979 2140 3067 Ἀρταφέρνης,

228 3085 259 3148 ὃν
282 3081 470 3169 ἑτυμολογεῖ·
507 3083 656 3170 ὁὰρτίας
678 3087 759 3173 ἔχων
783 3094 907 3175 φρένας.
954 3089 1063 3155 Meum
1094 3113 1163 3155 esse
1193 3110 1256 3154 non
1280 3099 1358 3174 puto
1381 3087 1561 3152 accuratius
1588 3088 1747 3172 persequi,
1779 3109 1876 3172 quem
1899 3107 2009 3170 ragam
2032 3084 2141 3149 verbis

231 3187 340 3276 Μηδος
363 3194 422 3273 γὰρ
445 3189 483 3277 ἦν
507 3189 523 3255 ὁ
546 3203 665 3276 πρῶτος
689 3204 839 3281 atquem
863 3194 960 3269 ἄλλος
985 3194 1142 3260 δ’ἐκτίνου
1164 3206 1240 3268 παῖς
1262 3197 1321 3278 γὰρ
1336 3191 1374 3280 ἠν
1397 3205 1494 3279 poeta
1516 3191 1753 3276 significaturus
1777 3191 1882 3272 merit,
1907 3191 1940 3255 id
1964 3190 2051 3276 quod
2075 3214 2142 3256 am·

230 3294 359 3378 higitur,
383 3296 441 3361 sed
464 3297 552 3363 nulla
575 3321 610 3363 ra
640 3303 813 3386 speciosius
837 3301 1083 3383 demonstratur,
1114 3301 1200 3388 quod
1224 3298 1425 3386 supradixi,
1457 3297 1654 3384 Aeschylum
1683 3297 1893 3362 libentissima
1913 3299 2046 3362 uomina
2068 3319 2139 3383 pro·

228 3402 298 3487 pria
320 3413 352 3465 et
375 3403 413 3466 iis
436 3403 514 3488 ipsis
537 3402 624 3484 locis,
648 3404 765 3492 quibus
789 3410 931 3472 maxime
955 3430 1116 3494 apponere
1140 3408 1262 3488 debuit,
1286 3405 1436 3471 abstrusa
1458 3415 1579 3470 notare.
1619 3402 1716 3484 Quod
1734 3403 1886 3490 equidem
1909 3425 1972 3468 non
1988 3403 2141 3489 Aeschyli

230 3509 392 3592 proprium
416 3507 565 3591 dixerim,
588 3511 646 3577 sed
671 3521 805 3578 naturae
833 3524 1091 3580 cousentaneum.
1126 3512 1332 3599 Quamquam
1355 3534 1449 3599 porro
1473 3532 1536 3575 non
1558 3512 1586 3575 is
1609 3532 1691 3590 sum,
1716 3512 1771 3596 qui
1795 3519 1933 3597 aposta
1955 3512 2063 3574 omnia
2086 3533 2143 3574 ex-

229 3612 434 3696 quisitissime
463 3627 497 3681 at
524 3615 711 3702 politissima
742 3617 829 3684 dicta
860 3641 930 3685 esse
962 3621 1199 3702 affirmaverim,
1230 3629 1338 3684 tamen
1368 3620 1444 3683 istas
1475 3639 1578 3701 nugas
1608 3615 1822 3702 grandiloquo
1854 3617 1976 3699 tragico
2000 3619 2142 3681 maxime

229 3717 378 3802 indiguas
403 3743 483 3800 asse,
507 3724 578 3808 quis
601 3724 662 3788 sibi
685 3745 749 3788 non
773 3725 987 3811 persuadeat?
1034 3725 1121 3808 Quid
1146 3736 1195 3792 est
1216 3727 1301 3792 enim
1323 3723 1421 3811 ὄνομα
1443 3721 1648 3808 ααρὼνυρονβ
1694 3723 1743 3788 tto
1767 3724 1871 3788 minus
1895 3721 1971 3786 mihi
1998 3725 2142 3788 venitin

230 3822 475 3906 dubitationem,
507 3829 582 3912 quin
614 3828 657 3910 hi,
689 3829 730 3894 da
754 3830 872 3916 quibus
895 3833 1011 3917 agitur,
1040 3855 1153 3899 versus
1176 3831 1367 3917 glossemata
1397 3829 1518 3896 foedati
1548 3830 1612 3894 sint
1641 3840 1674 3895 et
1696 3839 1792 3916 poeta
1821 3850 1922 3914 nsque
1952 3828 1994 3893 ad
2027 3831 2140 3893 vitium

231 3926 395 4012 obscurus,
431 3942 467 3997 ut
500 3934 546 3998 ait
577 3931 804 4016 Quintilianus,
841 3936 901 4002 hoc
935 3936 1003 4004 loro
1027 3940 1294 4026 paronomasiam,
1329 3937 1450 4023 qnippe
1480 3957 1563 4023 quae
1593 3935 1671 4000 nihil
1698 3934 1828 4001 habeat
1841 3933 2048 4015 difficultatis,
2079 3956 2141 3999 non

229 4033 430 4119 explicuerit.
478 4036 553 4119 Qua
578 4042 700 4106 ratione
728 4040 780 4106 hic
803 4042 890 4109 locus
917 4046 960 4109 sit
984 4045 1161 4110 infuscatus
1188 4065 1273 4108 nnnc
1296 4041 1473 4123 ostendam,
1505 4041 1562 4108 sed
1591 4041 1685 4106 latius
1708 4040 1804 4128 paulo
1831 4041 1985 4106 abeamus
2013 4062 2141 4104 necessa

229 4151 287 4204 est.
334 4139 524 4228 Παρὼνυρος
548 4156 596 4210 est
618 4147 885 4230 denominativas,
910 4150 950 4215 ab
976 4149 1038 4215 alio
1061 4147 1220 4216 vocabulo
1243 4149 1535 4216 denominationem
1559 4147 1691 4212 habens.
1739 4147 1900 4212 Dicuntur
1924 4158 2010 4213 certe
2034 4149 2142 4229 cupu-

227 4265 316 4329 νυρα,
339 4269 550 4336 quaecunque
574 4250 615 4315 ab
640 4252 710 4319 aliis
733 4255 880 4320 derivata
911 4269 994 4337 sunt,
1025 4279 1109 4344 quae
1139 4268 1172 4324 et
1193 4259 1381 4340 supatru-st:
1406 4265 1503 4340 atque
1527 4253 1609 4318 adeo
1633 4255 1702 4338 ipsa
1725 4254 1823 4318 etiam
1846 4255 1975 4340 propria
1998 4253 2137 4332 nomina,

228 4371 438 4439 quaecunque
471 4354 620 4422 derivata
648 4370 723 4424 sunt
749 4359 792 4425 ab
822 4361 883 4426 alio
914 4365 1064 4449 quopiam
1086 4363 1225 4444 nomine,
1257 4361 1343 4450 quod
1367 4372 1416 4426 est
1439 4359 1679 4447 appellativum,
1711 4372 1747 4425 nt
1769 4382 1844 4425 cum
1868 4360 1985 4424 dicitur
2010 4357 2137 4422 Πλάτων

227 4477 297 4522 assa
320 4463 499 4545 παρώνυμον
522 4485 543 4528 a
566 4463 684 4540 πλατίνς
706 4477 739 4533 at
761 4465 887 4551 Θράσων
902 4491 925 4532 a
940 4471 1062 4551 θρασίνς
1083 4469 1260 4555 itidemque
1284 4468 1348 4532 alia
1370 4489 1466 4554 quam
1490 4465 1644 4551 plurima,
1669 4469 1852 4552 παρώνυμος
1868 4465 1954 4530 idom
1970 4465 2138 4550 significat,

227 4561 314 4647 quod
337 4569 531 4651 παρωνυμιος
555 4581 587 4634 et
617 4593 713 4658 saepe
744 4583 976 4658 permutantur.
1023 4574 1223 4660 Παρυνυμία,
1248 4575 1486 4640 denominative
1510 4572 1596 4637 facta
1620 4572 1801 4658 appellatio,
1817 4571 1970 4657 «Aquilae
1994 4573 2142 4637 Romano

227 4679 283 4748 est,
307 4692 392 4756 quae
415 4670 486 4737 aliis
510 4682 733 4762 superspector.
780 4678 889 4744 Etiam
912 4679 973 4745 hoc
996 4680 1064 4746 loco
1079 4685 1263 4766 παρώνυμον
1279 4679 1514 4745 substantivum
1539 4677 1715 4763 eodemque
1733 4701 1796 4763 quo
1813 4683 2027 4764 παρονομασία
2044 4700 2138 4743 sensu

227 4772 407 4842 adhibitum
431 4801 501 4844 esse
524 4780 662 4848 videtur.
709 4784 890 4853 Scholiasta
912 4789 1104 4854 veterrimus
1128 4799 1163 4852 nt
1186 4788 1441 4874 paronomasium
1459 4784 1631 4850 verborum
1657 4781 1762 4867 Φοίβῳ
1780 4783 1884 4848 δίδωθι
1901 4783 1928 4848 δ’
1946 4785 1966 4871 ῆ
1983 4786 2142 4866 γενέθλιον

226 4877 307 4942 δόσιν
331 4881 530 4968 explanaret,
555 4884 661 4973 Φοίβῳ
685 4895 909 4980 suprascripsit
931 4892 1046 4980 Φοίβη,
1071 4907 1103 4960 et
1125 4907 1161 4959 ut
1185 4894 1289 4959 locum
1312 4905 1384 4978 post
1405 4889 1506 4978 Φοίβη
1531 4913 1669 4955 vacnum
1694 4889 1849 4975 expleret,
1882 4893 1987 4956 statim
2013 4891 2139 4956 addidit

224 4997 349 5069 partem
379 5011 491 5057 versus
521 4995 654 5078 genuini
685 4995 785 5061 δίδωθι
811 4997 875 5086 δ’ῆ
907 5021 936 5064 κ.
962 5022 987 5065 τ,
1012 5000 1041 5066 λ.
1089 4998 1217 5066 Deinde
1246 4999 1289 5064 ad
1318 4998 1418 5064 verba
1441 4998 1545 5062 δίδωσι
1570 4995 1634 5084 δ’ίγ
1659 4998 1815 5078 γενέθλιον
1840 4996 1921 5062 δόσιν
1946 4996 2138 5083 explicanda
